/home/srey/Copy/these/bib/A_INPHD.bib