Automatically generated by Mendeley Desktop 1.13-rel.build.test
Any changes to this file will be lost if it is regenerated by Mendeley.

BibTeX export options can be customized via Options -> BibTeX in Mendeley Desktop

@article{Ginsparg2011,
archivePrefix = {arXiv},
arxivId = {arXiv:1108.2700v2},
author = {Ginsparg, Paul},
eprint = {arXiv:1108.2700v2},
file = {http://bib.unthinkingdepths.fr/seb/pdf/Ginsparg_2011_It was twenty years ago today.pdf},
journal = {Arxiv},
keywords = {arxiv,open access,open science,physics,tools},
mendeley-tags = {arxiv,open access,open science,physics,tools},
pages = {1--9},
title = {{It was twenty years ago today...}},
url = {http://search.informit.com.au/fullText;dn=700639541265712;res=IELHEA},
year = {2011}
}
@misc{Goble2012,
author = {Goble, Carole},
file = {http://bib.unthinkingdepths.fr/seb/pdf/Goble_2012_The Reality of Reproducibility of in silico Science.pdf},
keywords = {open access,open data,open science,provenance,replication},
mendeley-tags = {open access,open data,open science,provenance,replication},
number = {June},
title = {{The Reality of Reproducibility of in silico Science}},
year = {2012}
}
@misc{Lehrer2010,
author = {Lehrer, J},
booktitle = {The New Yorker},
file = {http://bib.unthinkingdepths.fr/seb/pdf/Lehrer_2010_The truth wears off.pdf},
keywords = {newspaper,psychology,scandal},
mendeley-tags = {newspaper,psychology,scandal},
title = {{The truth wears off}},
url = {http://www.newyorker.com/magazine/2010/12/13/the-truth-wears-off?currentPage=1},
urldate = {13/10/14},
year = {2010}
}
@techreport{NatureCommunications2013,
author = {{Nature Communications}},
booktitle = {Nature Communications},
file = {http://bib.unthinkingdepths.fr/seb/pdf/Nature Communications_2013_Nature Communications Citation Analysis.pdf},
institution = {Nature Communications},
keywords = {open access,report},
mendeley-tags = {open access,report},
pages = {6},
title = {{Nature Communications : Citation Analysis}},
volume = {2},
year = {2013}
}
@article{Leveque2012,
author = {LeVeque, Randall J and Mitchell, Ian M and Stodden, Victoria C.},
doi = {10.1109/MCSE.2012.38},
file = {http://bib.unthinkingdepths.fr/seb/pdf/LeVeque, Mitchell, Stodden_2012_Reproducible research for scientific computing Tools and strategies for changing the culture.pdf},
isbn = {1521-9615},
issn = {1521-9615},
journal = {Computing in Science & Engineering},
keywords = {replication,tools},
mendeley-tags = {replication,tools},
month = jul,
number = {4},
pages = {13--17},
publisher = {IEEE},
title = {{Reproducible research for scientific computing: Tools and strategies for changing the culture}},
url = {http://ieeexplore.ieee.org/lpdocs/epic03/wrapper.htm?arnumber=6171147},
volume = {14},
year = {2012}
}
@incollection{Axelrod1997,
author = {Axelrod, Robert},
booktitle = {Simulating Social Phenomena},
editor = {Conte, Rosaria and Hegselmann, Rainer and Terna, Pietro},
file = {http://bib.unthinkingdepths.fr/seb/pdf/Axelrod_1997_Advancing the art of simulation in the social sciences.pdf},
keywords = {ABM,replication,social sciences,validation},
mendeley-tags = {ABM,replication,social sciences,validation},
number = {3},
pages = {21--40},
title = {{Advancing the art of simulation in the social sciences}},
url = {http://link.springer.com/chapter/10.1007/978-3-662-03366-1_2},
volume = {12},
year = {1997}
}
@misc{Mitchell,
author = {Mitchell, Jason},
booktitle = {whj blog},
file = {http://bib.unthinkingdepths.fr/seb/pdf/Mitchell_Unknown_On the emptiness of failed replications.pdf},
keywords = {blog,psychology,replication,scandal},
mendeley-tags = {blog,psychology,replication,scandal},
title = {{On the emptiness of failed replications}},
url = {http://wjh.harvard.edu/~jmitchel/writing/failed_science.htm On},
urldate = {20 octobre 2014}
}
@article{Gilbert1999,
author = {Gilbert, Nigel and Terna, Pietro},
file = {:home/srey/TRAVAUX/THESE/REPOSITORY_PDF/RANGE/Gilbert, Terna_1999_How to build and use agent-based models in social science.PDF:PDF},
journal = {Journal of Artificial Societies and Social Simulation},
keywords = {ABM,replication,social sciences,sociology,validation},
mendeley-tags = {ABM,replication,social sciences,sociology,validation},
title = {{How to build and use agent-based models in social science}},
year = {1999}
}
@article{Noorden2012,
author = {{Van Noorden}, Richard},
doi = {10.1038/489486a},
file = {http://bib.unthinkingdepths.fr/seb/pdf/Van Noorden_2012_Open-access deal for particle physics.pdf},
issn = {0028-0836},
journal = {Nature},
keywords = {manifeste,open access,physics},
mendeley-tags = {manifeste,open access,physics},
pages = {486--486},
pmid = {23018944},
publisher = {Nature},
title = {{Open-access deal for particle physics}},
volume = {489},
year = {2012}
}
@misc{Kershaw2013,
author = {Kay, Alastair and Kershaw, Sophie},
booktitle = {Open Science Training},
file = {http://bib.unthinkingdepths.fr/seb/pdf/Kershaw_2013_Open Education 2030.pdf},
keywords = {education,open data,open science,replication,tools},
mendeley-tags = {education,open data,open science,replication,tools},
title = {{Reproductibility and Open Science}},
url = {http://www.opensciencetraining.com/movielist.php},
urldate = {08 octobre 2014},
year = {2013}
}
@article{Stodden2013,
author = {Stodden, Victoria C. and Guo, Peixuan and Ma, Zhaokun},
doi = {10.1371/journal.pone.0067111},
file = {http://bib.unthinkingdepths.fr/seb/pdf/Stodden, Guo, Ma_2013_Toward Reproducible Computational Research An Empirical Analysis of Data and Code Policy Adoption by Journals.pdf},
isbn = {19326203 (ISSN)},
issn = {19326203},
journal = {PLoS ONE},
keywords = {open access,open data,open science,replication,survey},
mendeley-tags = {open access,open data,open science,replication,survey},
number = {6},
pages = {2--9},
pmid = {23805293},
title = {{Toward Reproducible Computational Research: An Empirical Analysis of Data and Code Policy Adoption by Journals}},
url = {http://www.plosone.org/article/info%3Adoi%2F10.1371%2Fjournal.pone.0067111},
volume = {8},
year = {2013}
}
@article{Batty2001,
author = {Batty, Michael and Torrens, Paul M},
doi = {10.4000/cybergeo.1035},
file = {http://bib.unthinkingdepths.fr/seb/pdf//Batty, Torrens_2001_Modeling Complexity The Limits to Prediction.pdf},
issn = {1278-3366},
journal = {Cybergeo : European Journal of Geography},
keywords = {ABM,validation},
mendeley-tags = {ABM,validation},
shorttitle = {Modeling Complexity},
title = {{Modeling Complexity : The Limits to Prediction}},
url = {http://cybergeo.revues.org/1035},
year = {2001}
}
@article{Pincock2013,
abstract = {Opting for open access means considering costs, journal prestige and career implications.},
author = {Pincock, Stephen},
doi = {10.1038/nj7442-539a},
file = {http://bib.unthinkingdepths.fr/seb/pdf/Pincock_2013_Publishing Open to possibilities.pdf},
issn = {0028-0836},
journal = {Nature},
keywords = {open access,open science},
mendeley-tags = {open access,open science},
pages = {539--541},
publisher = {Nature},
title = {{Publishing: Open to possibilities}},
url = {http://www.nature.com/naturejobs/science/articles/10.1038/nj7442-539a},
volume = {495},
year = {2013}
}
@misc{Leisch2011,
author = {Leisch, Friedrich},
file = {http://bib.unthinkingdepths.fr/seb/pdf/Leisch_2011_The Sweave Homepage.pdf},
isbn = {3790815179},
keywords = {R,active papers,replication,tools},
mendeley-tags = {R,active papers,replication,tools},
number = {2},
pages = {2011},
title = {{The Sweave Homepage}},
url = {http://www.stat.uni-muenchen.de/~leisch/Sweave/},
urldate = {08 octobre 2014},
volume = {16},
year = {2011}
}
@article{Thiele2011,
author = {Thiele, Jan C. and Kurth, Winfried and Grimm, Volker},
doi = {ISSN 1860-4064},
file = {http://bib.unthinkingdepths.fr/seb/pdf/Thiele, Kurth, Grimm_2011_Agent-and individual-based Modelling with NetLogo introduction and New NetLogo Extensions.pdf},
journal = {Die Gr"{u}ne Reihe},
keywords = {netlogo,standardization},
mendeley-tags = {netlogo,standardization},
number = {September 2010},
pages = {68--101},
title = {{Agent-and individual-based Modelling with NetLogo: introduction and New NetLogo Extensions}},
url = {http://scholar.google.com/scholar?hl=en&btnG=Search&q=intitle:Agent+and+individual-based+modelling+with+NetLogo:+Introduction+and+new+NetLogo+extensions#1},
year = {2011}
}
@unpublished{Fomel,
author = {Fomel, Sergey and Sava, Paul and Vlad, Ioan and Liu, Yang and Jennings, James and Browaeys, Jules and Bashkardin, Vladimir and Godwin, Jeff and Song, Xiaolei and Hennenfent, Gilles},
file = {http://bib.unthinkingdepths.fr/seb/pdf/Fomel et al._Unknown_Madagascar software package and reproducible research.pdf},
keywords = {replication,tools},
mendeley-tags = {replication,tools},
pages = {1--9},
title = {{Madagascar software package and reproducible research}}
}
@misc{Waldrop2008,
author = {Waldrop, M Mitchell},
booktitle = {Scientific American},
file = {http://bib.unthinkingdepths.fr/seb/pdf/Waldrop_2008_Science 2.0. Is open access science the future.pdf},
keywords = {newspaper},
mendeley-tags = {newspaper},
pages = {68--73},
title = {{Science 2.0. Is open access science the future?}},
url = {http://www.scientificamerican.com/article.cfm?id=science-2-point-0},
urldate = {08 octobre 2014},
volume = {298},
year = {2008}
}
@article{Epstein2008,
author = {Epstein, Joshua M.},
file = {http://bib.unthinkingdepths.fr/seb/pdf/Epstein_2008_Why Model.pdf},
journal = {Journal of Artificial Societies and Social Simulation},
keywords = {ABM,economy,replication,social sciences,validation},
mendeley-tags = {ABM,economy,replication,social sciences,validation},
number = {4},
title = {{Why Model?}},
volume = {11},
year = {2008}
}
@article{Thiele2014,
author = {Thiele, Jan C. and Kurth, Winfried and Grimm, Volker},
file = {http://bib.unthinkingdepths.fr/seb/pdf/Thiele, Kurth, Grimm_2014_Facilitating Parameter Estimation and Sensitivity Analysis of Agent-Based Models A Cookbook using Netlogo and.pdf},
journal = {Journal of Artificial Societies and Social Simulation},
keywords = {ABM,calibration,netlogo,sensitivity analysis,standardization,tools,validation},
mendeley-tags = {ABM,calibration,netlogo,sensitivity analysis,standardization,tools,validation},
number = {3},
title = {{Facilitating Parameter Estimation and Sensitivity Analysis of Agent-Based Models : A Cookbook using Netlogo and R}},
url = {http://jasss.soc.surrey.ac.uk/17/3/11.html},
volume = {17},
year = {2014}
}
@article{Noorden2013,
author = {{Van Noorden}, Richard},
doi = {10.1038/nj7461-243a},
file = {http://bib.unthinkingdepths.fr/seb/pdf/Van Noorden_2013_Data-sharing Everything on display.pdf},
issn = {0028-0836},
journal = {Nature},
keywords = {ecology,open data},
mendeley-tags = {ecology,open data},
pages = {243--245},
pmid = {23930278},
publisher = {Nature},
title = {{Data-sharing: Everything on display}},
volume = {500},
year = {2013}
}
@article{Crocker2011,
annote = {        From Duplicate 2 (                           Addressing Scientific Fraud                         -  )
                
        
        
      },
author = {Crocker, Jennifer and Cooper, M Lynne},
doi = {10.1126/science.1216775},
file = {http://bib.unthinkingdepths.fr/seb/pdf//Crocker, Cooper_2011_Addressing scientific fraud.pdf},
issn = {1095-9203},
journal = {Science},
keywords = {psychology,replication,scandal},
mendeley-tags = {psychology,replication,scandal},
month = dec,
number = {6060},
pages = {1182},
pmid = {22144584},
title = {{Addressing scientific fraud.}},
url = {http://www.ncbi.nlm.nih.gov/pubmed/22144584},
volume = {334},
year = {2011}
}
@misc{Brown2012,
author = {Brown, C. Titus},
booktitle = {Living in an ivory basement},
file = {http://bib.unthinkingdepths.fr/seb/pdf/Brown_2012_Why I don't really practice open science.pdf},
keywords = {blog,open science},
mendeley-tags = {blog,open science},
title = {{Why I don't really practice open science}},
url = {http://ivory.idyll.org/blog/blog-practicing-open-science.html},
urldate = {08 octobre 2014},
year = {2012}
}
@article{Fomel2009,
author = {Fomel, Sergey and Claerbout, Jon F},
doi = {http://dx.doi.org/10.1109/MCSE.2009.14},
file = {http://bib.unthinkingdepths.fr/seb/pdf/Fomel, Claerbout_2009_Reproducible Research.pdf},
isbn = {1521-9615},
issn = {1521-9615},
journal = {Computing in Science & Engineering},
keywords = {active papers,open science,replication},
mendeley-tags = {active papers,open science,replication},
pages = {5--7},
title = {{Reproducible Research}},
url = {http://cise.aip.org/dbt/dbt.jsp?KEY=CSENFA&Volume=11&Issue=1},
volume = {11},
year = {2009}
}
@misc{Fitzjohn2014,
author = {Fitzjohn, Rich and Pennell, Matt and Zanne, Amy and Cornwell, Will},
booktitle = {ROpensci.org},
file = {http://bib.unthinkingdepths.fr/seb/pdf/Fitzjohn et al._2014_Reproducible research is still a challenge.pdf},
keywords = {R,active papers,manifeste,open science,replication,tools},
mendeley-tags = {R,active papers,manifeste,open science,replication,tools},
title = {{Reproducible research is still a challenge}},
url = {http://ropensci.org/blog/2014/06/09/reproducibility/},
urldate = {08 octobre 2014},
year = {2014}
}
@misc{Freire2012,
author = {Freire, Juliana and Bonnet, Philippe and Shasha, Dennis},
file = {http://bib.unthinkingdepths.fr/seb/pdf/Freire, Bonnet, Shasha_Unknown_Computational Reproducibility State-of-the-art, challenges, database research opportunities.pdf},
keywords = {replication,tools},
mendeley-tags = {replication,tools},
title = {{Computational Reproducibility: State-of-the-art, challenges, database research opportunities}}
}
@techreport{Gent1997,
author = {Gent, Ian P and Grant, Stuart A and MacIntyre, Ewan and Prosser, Patrick and Shaw, Paul and Smith, Barbara M and Walsh, Toby},
booktitle = {ldots of Leeds School ldots},
file = {http://bib.unthinkingdepths.fr/seb/pdf/Gent et al._1997_How not to do it.pdf},
institution = {University of leeds},
keywords = {computer science,manifeste,replication},
mendeley-tags = {computer science,manifeste,replication},
number = {May},
title = {{How not to do it}},
url = {http://www.cse.unsw.com.au/~tw/hownotto.pdf},
year = {1997}
}
@article{Wilson2014,
abstract = {Over the last 15 years, Software Carpentry has evolved from a week-long training course at the US National Laboratories into a worldwide volunteer effort to raise standards in scientific computing. This article explains what we have learned along the way, the challenges we now face, and our plans for the future.},
archivePrefix = {arXiv},
arxivId = {1307.5448},
author = {Wilson, Greg},
doi = {10.12688/f1000research.3-62.v1},
eprint = {1307.5448},
file = {http://bib.unthinkingdepths.fr/seb/pdf/Wilson_2014_Software Carpentry lessons learned.pdf},
issn = {2046-1402},
journal = {F1000Research},
keywords = {blog,manifeste,open access,replication},
mendeley-tags = {blog,manifeste,open access,replication},
pages = {62},
pmid = {24715981},
title = {{Software Carpentry: lessons learned}},
url = {http://www.pubmedcentral.nih.gov/articlerender.fcgi?artid=3976103&tool=pmcentrez&rendertype=abstract},
volume = {3},
year = {2014}
}
@incollection{Rouchier2013,
author = {Rouchier, Juliette},
booktitle = {Epist'{e}mologies et pratiques de la mod'{e}lisation et de la simulation},
chapter = {29},
editor = {Varenne, Franck and Silberstein, Marc},
isbn = {978-2-919694-19-8},
keywords = {ABM,replication,social sciences,validation},
mendeley-tags = {ABM,replication,social sciences,validation},
pages = {785--808},
publisher = {Mat'{e}riologiques},
title = {{Construire la discipline simulation agents}},
year = {2013}
}
@misc{Wikipedia,
author = {Wikipedia},
booktitle = {Wikipedia},
file = {http://bib.unthinkingdepths.fr/seb/pdf/Wikipedia_Unknown_Programmation lettr'{e}e.pdf},
title = {{Programmation lettr'{e}e}}
}
@misc{Menand2014,
author = {Menand, Louis},
booktitle = {new yorker},
file = {http://bib.unthinkingdepths.fr/seb/pdf/Menand_2014_Crooner in Rights Spat.pdf},
keywords = {copyright,newspaper,open access},
mendeley-tags = {copyright,newspaper,open access},
title = {{Crooner in Rights Spat}},
url = {http://www.newyorker.com/magazine/2014/10/20/crooner-rights-spat},
urldate = {20 octobre 2014},
year = {2014}
}
@article{OpenScience2012,
annote = {        From Duplicate 1 (                           An Open, Large-Scale, Collaborative Effort to Estimate the Reproducibility of Psychological Science                         - Collaboration Open Science )
                
        
        
      },
author = {{Collaboration Open Science}},
doi = {10.1177/1745691612462588},
issn = {1745-6916},
journal = {Perspectives on Psychological Science},
keywords = {psychology,replication,scandal},
mendeley-tags = {psychology,replication,scandal},
month = nov,
number = {6},
pages = {657--660},
title = {{An Open, Large-Scale, Collaborative Effort to Estimate the Reproducibility of Psychological Science}},
url = {http://pps.sagepub.com/lookup/doi/10.1177/1745691612462588},
volume = {7},
year = {2012}
}
@unpublished{McMullin1997,
author = {Mcmullin, Barry and Varela, Francisco J.},
file = {http://bib.unthinkingdepths.fr/seb/pdf/Mcmullin, Varela_1997_Rediscovering Computational Autopoiesis.pdf},
institution = {Santa Fe Institute},
keywords = {preservation,replication},
mendeley-tags = {preservation,replication},
title = {{Rediscovering Computational Autopoiesis}},
year = {1997}
}
@article{Mesirov2010,
author = {Mesirov, Jill P},
doi = {10.1126/science.1179653},
file = {http://bib.unthinkingdepths.fr/seb/pdf/Mesirov_2010_Computer science. Accessible reproducible research.pdf},
issn = {1095-9203},
journal = {Science (New York, N.Y.)},
keywords = {biology,computer science,replication},
mendeley-tags = {biology,computer science,replication},
month = jan,
number = {5964},
pages = {415--6},
pmid = {20093459},
title = {{Computer science. Accessible reproducible research.}},
url = {http://www.pubmedcentral.nih.gov/articlerender.fcgi?artid=3878063&tool=pmcentrez&rendertype=abstract},
volume = {327},
year = {2010}
}
@misc{Timmer2010,
author = {Timmer, John},
booktitle = {Ars Technica},
file = {http://bib.unthinkingdepths.fr/seb/pdf/Timmer_2010_Keeping computers from ending science's reproducibility.pdf},
keywords = {newspaper,replication},
mendeley-tags = {newspaper,replication},
title = {{Keeping computers from ending science's reproducibility}},
url = {http://arstechnica.com/science/2010/01/keeping-computers-from-ending-sciences-reproducibility/},
urldate = {08 octobre 2014},
year = {2010}
}
@article{Steen2013,
author = {Steen, R Grant and Casadevall, Arturo and Fang, Ferric C},
doi = {10.1371/journal.pone.0068397},
issn = {1932-6203},
journal = {PloS one},
keywords = {replication,retraction},
mendeley-tags = {replication,retraction},
month = jan,
number = {7},
pages = {e68397},
pmid = {23861902},
title = {{Why has the number of scientific retractions increased?}},
url = {http://www.pubmedcentral.nih.gov/articlerender.fcgi?artid=3704583&tool=pmcentrez&rendertype=abstract},
volume = {8},
year = {2013}
}
@article{Squazzoni2010,
author = {Squazzoni, Flaminio},
editor = {Faucci, Riccardo and Marchionatti, Roberto},
file = {http://bib.unthinkingdepths.fr/seb/pdf/Squazzoni_2010_The impact of Agent-based models in the social sciences after 15 years of incursions.pdf},
isbn = {9788862273350},
journal = {History of economic ideas},
keywords = {ABM,replication,social sciences},
mendeley-tags = {ABM,replication,social sciences},
title = {{The impact of Agent-based models in the social sciences after 15 years of incursions}},
volume = {XVIII},
year = {2010}
}
@article{Epstein2007c,
author = {Epstein, Joshua M.},
chapter = {1},
doi = {10.1002/(SICI)1099-0526(199905/06)4:5<41::AID-CPLX9>3.0.CO;2-F},
file = {http://bib.unthinkingdepths.fr/seb/pdf/Epstein_1999_Agent-based computational models and generative social science.pdf:pdf;:home/srey/TRAVAUX/THESE/REPOSITORY_PDF/RANGE/Epstein_2007_Agent-based computational models and generative social science.pdf},
isbn = {9780691125473},
issn = {1076-2787},
journal = {Complexity},
keywords = {ABM,replication,social sciences},
mendeley-tags = {ABM,replication,social sciences},
month = may,
number = {5},
pages = {41--60},
publisher = {Press, Princeton University},
title = {{Agent-based computational models and generative social science}},
url = {http://doi.wiley.com/10.1002/(SICI)1099-0526(199905/06)4:5<41::AID-CPLX9>3.0.CO;2-F},
volume = {4},
year = {2007}
}
@misc{Freire2011,
author = {Freire, Juliana},
file = {http://bib.unthinkingdepths.fr/seb/pdf/Freire_2011_Using Provenance to Enable Reproducible Science.pdf},
keywords = {active papers,replication,tools,vistrails},
mendeley-tags = {active papers,replication,tools,vistrails},
title = {{Using Provenance to Enable Reproducible Science}},
year = {2011}
}
@misc{Lausuchet2014,
author = {Lausuchet, Soline},
booktitle = {bulac.hypotheses.org},
file = {http://bib.unthinkingdepths.fr/seb/pdf/Lausuchet_2006_Trouver des articles en libre acc`{e}s en SHS tour d’horizon.pdf},
keywords = {open access,social sciences},
mendeley-tags = {open access,social sciences},
title = {{Trouver des articles en libre acc`{e}s en SHS : tour d’horizon}},
url = {http://bulac.hypotheses.org/1882},
urldate = {20 octobre 1014},
year = {2006}
}
@misc{Strauss2014,
author = {Strauss, Valerie},
booktitle = {Washington Post},
file = {http://bib.unthinkingdepths.fr/seb/pdf/Strauss_2014_A shocking statistic about the quality of education research.pdf},
keywords = {education,newspaper,replication,scandal},
mendeley-tags = {education,newspaper,replication,scandal},
title = {{A shocking statistic about the quality of education research}},
url = {http://www.washingtonpost.com/blogs/answer-sheet/wp/2014/08/21/a-shocking-statistic-about-the-quality-of-education-research/},
urldate = {08 octobre 2014},
year = {2014}
}
@book{Stodden2014,
author = {Stodden, Victoria C. and Leisch, Friedrich and Peng, Roger D.},
editor = {Stodden, Victoria and Leisch, Friedrich and Peng, Roger D.},
keywords = {open science,replication,tools},
mendeley-tags = {open science,replication,tools},
pages = {448},
publisher = {CRC Press},
title = {{Implementing Reproducible Research}},
url = {http://www.crcpress.com/product/isbn/9781466561595},
year = {2014}
}
@techreport{HowOpenIsIt2014,
author = {HowOpenIsIt},
file = {http://bib.unthinkingdepths.fr/seb/pdf/HowOpenIsIt_2014_HowOpenIsIt.pdf},
institution = {Scholarly Publishing and Academic Resources Coalition and Public Library of Science},
number = {3},
pages = {2},
title = {{HowOpenIsIt?}},
volume = {4},
year = {2014}
}
@article{Neylon2012,
author = {Neylon, Cameron and Aerts, Jan and Brown, C T and Coles, Simon J and Hatton, Les and Lemire, Daniel and Millman, K J and Murray-Rust, Peter and Perez, Fernando and Saunders, Neil and Shah, Nigam and Smith, Arfon and Varoquaux, Ga"{e}l and Willighagen, Egon},
doi = {10.1186/1751-0473-7-2},
file = {http://bib.unthinkingdepths.fr/seb/pdf/Neylon et al._2012_Changing computational research. The challenges ahead.pdf},
issn = {1751-0473},
journal = {Source code for biology and medicine},
keywords = {biology,medical,open science,replication},
mendeley-tags = {biology,medical,open science,replication},
pages = {1--2},
pmid = {22640749},
title = {{Changing computational research. The challenges ahead.}},
url = {http://dx.doi.org/10.1186/1751-0473-7-2},
year = {2012}
}
@article{Thiele2014b,
author = {Thiele, Jan C.},
file = {http://bib.unthinkingdepths.fr/seb/pdf/Thiele_2014_R Marries NetLogo Introduction to the RNetLogo Package.pdf},
issn = {1548-7660},
journal = {Journal of Statistical Software},
keywords = {ABM,R,active papers,netlogo,replication,statistics,tools},
mendeley-tags = {ABM,R,active papers,netlogo,replication,statistics,tools},
number = {2},
title = {{R Marries NetLogo: Introduction to the RNetLogo Package}},
url = {http://www.jstatsoft.org/v58/i02},
volume = {58},
year = {2014}
}
@article{Kanter2014,
author = {Pham-Kanter, Genevieve and Zinner, Darren E and Campbell, Eric G},
doi = {10.1371/journal.pone.0108451},
file = {http://bib.unthinkingdepths.fr/seb/pdf/Pham-Kanter, Zinner, Campbell_2014_Codifying Collegiality Recent Developments in Data Sharing Policy in the Life Sciences.pdf},
issn = {1932-6203},
journal = {PloS one},
month = jan,
number = {9},
pages = {e108451},
pmid = {25259842},
title = {{Codifying Collegiality: Recent Developments in Data Sharing Policy in the Life Sciences.}},
url = {http://www.ncbi.nlm.nih.gov/pubmed/25259842},
volume = {9},
year = {2014}
}
@misc{Beker2014,
author = {Beker, Adam},
booktitle = {Blog.plos.org},
file = {http://bib.unthinkingdepths.fr/seb/pdf/Beker_2014_Rich Citations Open Data about the Network of Research.pdf},
keywords = {blog,citation,tools},
mendeley-tags = {blog,citation,tools},
title = {{Rich Citations: Open Data about the Network of Research}},
url = {http://blogs.plos.org/tech/rich-citations/? utm_content=bufferf9511&utm_medium=social&utm_source=twitter.com&utm_campaign=buffer},
urldate = {22 octobre 2014},
year = {2014}
}
@article{Tesfatsion2002,
author = {Tesfatsion, Leigh},
doi = {10.1162/106454602753694765},
file = {http://bib.unthinkingdepths.fr/seb/pdf/Tesfatsion_2002_Agent-based computational economics growing economies from the bottom up.pdf},
issn = {1064-5462},
journal = {Artificial life},
keywords = {ABM,open science,replication,social sciences},
mendeley-tags = {ABM,open science,replication,social sciences},
month = jan,
number = {1},
pages = {55--82},
pmid = {12020421},
title = {{Agent-based computational economics: growing economies from the bottom up.}},
url = {http://www.ncbi.nlm.nih.gov/pubmed/12020421},
volume = {8},
year = {2002}
}
@article{Reuillon2013,
author = {Reuillon, Romain and Leclaire, Mathieu and Rey-Coyrehourcq, Sebastien},
doi = {10.1016/j.future.2013.05.003},
file = {http://bib.unthinkingdepths.fr/seb/pdf/Reuillon, Leclaire, Rey-Coyrehourcq_2013_OpenMOLE, a workflow engine specifically tailored for the distributed exploration of simulation.pdf},
issn = {0167739X},
journal = {Future Generation Computer Systems},
keywords = {netlogo,replication,tools,validation},
mendeley-tags = {netlogo,replication,tools,validation},
month = oct,
number = {8},
pages = {1981--1990},
title = {{OpenMOLE, a workflow engine specifically tailored for the distributed exploration of simulation models}},
url = {http://linkinghub.elsevier.com/retrieve/pii/S0167739X13001027},
volume = {29},
year = {2013}
}
@misc{Hinsen2013,
author = {Hinsen, Konrad},
booktitle = {Konrad Hinsen Blog},
file = {http://bib.unthinkingdepths.fr/seb/pdf/Hinsen_2013_Platforms for reproducible research.pdf},
keywords = {replication,tools},
mendeley-tags = {replication,tools},
title = {{Platforms for reproducible research}},
url = {http://khinsen.wordpress.com/2013/08/14/platforms-for-reproducible-research/},
urldate = {08 octobre 2014},
year = {2013}
}
@article{Carroll2011,
author = {Carroll, Michael W.},
doi = {10.1371/journal.pbio.1001210},
file = {http://bib.unthinkingdepths.fr/seb/pdf/Carroll_2011_Why full open access matters.pdf},
isbn = {1545-7885 (Linking)},
issn = {15449173},
journal = {PLoS Biology},
keywords = {open access},
mendeley-tags = {open access},
number = {11},
pages = {9--11},
pmid = {22140361},
title = {{Why full open access matters}},
volume = {9},
year = {2011}
}
@article{VanGorp2011,
author = {{Van Gorp}, Pieter and Mazanek, Steffen},
doi = {10.1016/j.procs.2011.04.062},
file = {http://bib.unthinkingdepths.fr/seb/pdf/Van Gorp, Mazanek_2011_SHARE a web portal for creating and sharing executable research papers.pdf},
issn = {18770509},
journal = {Procedia Computer Science},
keywords = {active papers,replication,tools},
mendeley-tags = {active papers,replication,tools},
month = jan,
pages = {589--597},
title = {{SHARE: a web portal for creating and sharing executable research papers}},
url = {http://linkinghub.elsevier.com/retrieve/pii/S1877050911001207},
volume = {4},
year = {2011}
}
@article{Nosek2012,
archivePrefix = {arXiv},
arxivId = {1205.4251v2},
author = {Nosek, Brian A. and Spies, Jeffrey R. and Motyl, Matt},
eprint = {1205.4251v2},
file = {http://bib.unthinkingdepths.fr/seb/pdf/Nosek, Spies, Motyl_2012_Scientific Utopia II. Restructuring incentives and practices to promote truth over publishability.pdf},
isbn = {1853467960},
journal = {Arxiv},
keywords = {psychology},
mendeley-tags = {psychology},
title = {{Scientific Utopia: II. Restructuring incentives and practices to promote truth over publishability}},
url = {http://arxiv.org/abs/1205.4251v2},
year = {2012}
}
@article{Nature2013,
archivePrefix = {arXiv},
arxivId = {arXiv:1312.7183v2},
author = {Editor},
doi = {10.1038/496398a},
eprint = {arXiv:1312.7183v2},
file = {http://bib.unthinkingdepths.fr/seb/pdf/Editor_2013_Announcement Reducing our irreproducibility.pdf},
isbn = {0028-0836$backslash$r1476-4687},
issn = {0028-0836},
journal = {Nature},
keywords = {replication},
mendeley-tags = {replication},
pages = {398--398},
publisher = {Nature},
title = {{Announcement: Reducing our irreproducibility}},
url = {http://www.nature.com/news/announcement-reducing-our-irreproducibility-1.12852},
volume = {496},
year = {2013}
}
@article{Wilensky2007a,
author = {Wilensky, Uri and Rand, William},
file = {http://bib.unthinkingdepths.fr/seb/pdf//Wilensky, Rand_2007_Making Models Match Replicating an Agent-Based Model.pdf},
journal = {Journal of Artificial Societies and Social Simulation},
keywords = {ABM,netlogo,replication,social sciences,standardization,validation},
mendeley-tags = {ABM,netlogo,replication,social sciences,standardization,validation},
number = {4},
pages = {2},
publisher = {Citeseer},
title = {{Making Models Match : Replicating an Agent-Based Model}},
url = {http://citeseerx.ist.psu.edu/viewdoc/download?doi=10.1.1.128.7395&rep=rep1&type=pdf},
volume = {10},
year = {2007}
}
@article{Zhifa2014,
author = {Liu, Zhifa and Pounds, Stan},
doi = {10.1186/1471-2105-15-138},
file = {http://bib.unthinkingdepths.fr/seb/pdf/Liu, Pounds_2014_An R Package that Automatically Collects and Archives Details for Reproducible Computing.pdf},
isbn = {1471-2105 (Linking)},
issn = {1471-2105},
journal = {BMC Bioinformatics},
keywords = {KnitR,R,Sweave,biology,container,medical,tools},
mendeley-tags = {KnitR,R,Sweave,biology,container,medical,tools},
pages = {138},
pmid = {24886202},
publisher = {BMC Bioinformatics},
title = {{An R Package that Automatically Collects and Archives Details for Reproducible Computing}},
url = {http://www.biomedcentral.com/1471-2105/15/138},
volume = {15},
year = {2014}
}
@article{Merali2010,
author = {Merali, Zeeya},
doi = {10.1038/467775a},
file = {http://bib.unthinkingdepths.fr/seb/pdf/Merali_2010_...ERROR ... why scientific programming does not compute.pdf},
isbn = {1476-4687},
issn = {1476-4687},
journal = {Nature News},
keywords = {open science,replication},
mendeley-tags = {open science,replication},
pages = {775--777},
pmid = {20944712},
publisher = {Nature},
title = {{...ERROR ... why scientific programming does not compute}},
volume = {467},
year = {2010}
}
@misc{Cook2008,
author = {Cook, John},
booktitle = {John Cook Blog},
file = {http://bib.unthinkingdepths.fr/seb/pdf/Cook_2008_Irreproducible analysis.pdf},
keywords = {blog,replication,statistics,tools},
mendeley-tags = {blog,replication,statistics,tools},
number = {January 2008},
pages = {1--8},
title = {{Irreproducible analysis}},
url = {http://www.johndcook.com/blog/2008/01/15/irreproducible-analysis/},
urldate = {08 octobre 2014},
volume = {2008},
year = {2008}
}
@misc{Marcus2014,
author = {Marcus, Gary and Davis, Ernest},
booktitle = {new yorker},
file = {http://bib.unthinkingdepths.fr/seb/pdf/Marcus, Davis_2014_Do we really need to learn to code.pdf},
issn = {1070485X},
keywords = {education,newspaper},
mendeley-tags = {education,newspaper},
title = {{Do we really need to learn to code?}},
url = {http://www.newyorker.com/tech/elements/do-we-really-need-to-learn-to-code},
urldate = {08 octobre 2014},
volume = {16},
year = {2014}
}
@article{Stodden2011,
author = {Stodden, Victoria C.},
file = {http://bib.unthinkingdepths.fr/seb/pdf/Stodden_2011_Trust you science Open your data and code.pdf},
issn = {1521-9615},
journal = {Amstat},
keywords = {computer science,open access,open data,open science,repeatability,replication},
mendeley-tags = {computer science,open access,open data,open science,repeatability,replication},
number = {july},
pages = {21--22},
title = {{Trust you science ? Open your data and code}},
url = {http://magazine.amstat.org/blog/2011/07/01/trust-your-science/},
volume = {12},
year = {2011}
}
@article{Coyne2014c,
author = {Coyne, James and Kok, Robin N.},
file = {http://bib.unthinkingdepths.fr/seb/pdf/Coyne, Kok_2014_Salvaging psychotherapy research a manifesto.pdf},
journal = {Journal of evidence-based psychotherapies},
keywords = {psychology,replication,scandal},
mendeley-tags = {psychology,replication,scandal},
number = {2},
pages = {105--124},
title = {{Salvaging psychotherapy research : a manifesto}},
volume = {14},
year = {2014}
}
@misc{Baggerly2011,
author = {Baggerly, Keith A. and Berry, Donald A.},
booktitle = {Computing in Science & Engineering},
file = {http://bib.unthinkingdepths.fr/seb/pdf/Baggerly, Berry_2011_Reproducible Research.pdf},
issn = {1521-9615},
keywords = {replication},
mendeley-tags = {replication},
title = {{Reproducible Research}},
url = {http://magazine.amstat.org/blog/2011/01/01/scipolicyjan11/},
urldate = {08 octobre 2014},
volume = {12},
year = {2011}
}
@article{Stonedahl2010,
author = {Stonedahl, Forrest and Wilensky, Uri},
file = {http://bib.unthinkingdepths.fr/seb/pdf/Stonedahl, Wilensky_2010_Evolutionary Robustness Checking in the Artificial Anasazi Model.pdf},
keywords = {netlogo,replication,social sciences,validation},
mendeley-tags = {netlogo,replication,social sciences,validation},
title = {{Evolutionary Robustness Checking in the Artificial Anasazi Model}},
year = {2010}
}
@article{Reiter2011,
author = {Reiter, Jerome P and Kinney, Satkartar K},
doi = {10.1097/EDE.0b013e318225c44b},
file = {http://bib.unthinkingdepths.fr/seb/pdf/Reiter, Kinney_2011_Sharing confidential data for research purposes a primer.pdf},
issn = {1531-5487},
journal = {Epidemiology (Cambridge, Mass.)},
keywords = {open data},
mendeley-tags = {open data},
number = {5},
pages = {632--635},
pmid = {21811111},
title = {{Sharing confidential data for research purposes: a primer.}},
volume = {22},
year = {2011}
}
@article{Perez2007,
author = {P'{e}rez, Fernando and Granger, Brian E.},
doi = {10.1109/MCSE.2007.53},
file = {http://bib.unthinkingdepths.fr/seb/pdf/P'{e}rez, Granger_2007_IPython A system for interactive scientific computing.pdf},
isbn = {3518437208},
issn = {15219615},
journal = {Computing in Science and Engineering},
keywords = {R,active papers,replication,tools},
mendeley-tags = {R,active papers,replication,tools},
pages = {21--29},
title = {{IPython: A system for interactive scientific computing}},
volume = {9},
year = {2007}
}
@article{Thiele2012,
author = {Thiele, Jan C . and Kurth, Winfried and Grimm, Volker},
file = {http://bib.unthinkingdepths.fr/seb/pdf/Thiele, Kurth, Grimm_2012_Agent-Based Modelling Tools for Linking NetLogo and R.pdf},
journal = {Journal of Artificial Societies and Social Simulation},
keywords = {ABM,R,netlogo,replication,social sciences,tools},
mendeley-tags = {ABM,R,netlogo,replication,social sciences,tools},
number = {3},
pages = {10},
title = {{Agent-Based Modelling : Tools for Linking NetLogo and R}},
volume = {15},
year = {2012}
}
@article{Nosek2012a,
archivePrefix = {arXiv},
arxivId = {1205.1055v1},
author = {Nosek, Brian A. and Ben-Gurion, Yoav Bar-Anan},
eprint = {1205.1055v1},
file = {http://bib.unthinkingdepths.fr/seb/pdf/Nosek, Ben-Gurion_2012_Scientific Utopia I. Opening scientific communication.pdf},
isbn = {1853467960},
issn = {0036-8075},
journal = {Arxiv},
keywords = {open access,open science,psychology},
mendeley-tags = {open access,open science,psychology},
month = jul,
title = {{Scientific Utopia: I. Opening scientific communication}},
url = {http://arxiv.org/abs/1205.1055v1},
year = {2012}
}
@article{Shavell1988,
author = {Shavell, Steven},
doi = {10.1093/jla/2.1.301},
file = {http://bib.unthinkingdepths.fr/seb/pdf/Shavell_1988_Should Copyright Of Academic Works Be Abolished.pdf},
issn = {2161-7201},
journal = {Intellectual Property},
keywords = {open science},
mendeley-tags = {open science},
pages = {1--61},
title = {{Should Copyright Of Academic Works Be Abolished?}},
url = {http://cyber.law.harvard.edu/sites/cyber.law.harvard.edu/files/Copyright 7-17HLS-2009.pdf},
volume = {8},
year = {1988}
}
@article{Price1986,
author = {Price, K},
doi = {10.1016/0734-189X(86)90083-6},
file = {http://bib.unthinkingdepths.fr/seb/pdf/Price_1986_Anything you can do, I can do better (No you can't).pdf},
journal = {Computer Vision, Graphics, and Image Processing},
keywords = {replication},
mendeley-tags = {replication},
pages = {387--391},
title = {{Anything you can do, I can do better (No you can't)}},
url = {http://www.sciencedirect.com/science/article/pii/0734189X86900836},
year = {1986}
}
@article{Davison2012,
author = {Davison, Andrew},
doi = {10.1109/MCSE.2012.41},
file = {http://bib.unthinkingdepths.fr/seb/pdf/Davison_2012_Automated capture of experiment context for easier reproducibility in computational research.pdf},
issn = {15219615},
journal = {Computing in Science and Engineering},
keywords = {replication,tools},
mendeley-tags = {replication,tools},
pages = {48--56},
title = {{Automated capture of experiment context for easier reproducibility in computational research}},
volume = {14},
year = {2012}
}
@misc{Coyne2014,
author = {Coyne, James},
booktitle = {Blog.plos.org},
file = {http://bib.unthinkingdepths.fr/seb/pdf/Coyne_2014_Salvaging psychotherapy research a manifesto.pdf},
keywords = {blog,manifeste,psychology,scandal},
mendeley-tags = {blog,manifeste,psychology,scandal},
title = {{Salvaging psychotherapy research: a manifesto}},
url = {http://blogs.plos.org/mindthebrain/2014/06/10/salvaging-psychotherapy-research-manifesto/},
urldate = {08 octobre 2014},
year = {2014}
}
@misc{Weil2014,
author = {Weil, Sarah},
booktitle = {Footnote},
file = {http://bib.unthinkingdepths.fr/seb/pdf/Weil_2014_Making Scientific Research More Reliable By Addressing The “Reproducibility Problem”.pdf},
keywords = {blog,open access,open data,open science,replication,scandal},
mendeley-tags = {blog,open access,open data,open science,replication,scandal},
pages = {1--3},
title = {{Making Scientific Research More Reliable By Addressing The “Reproducibility Problem”}},
url = {http://footnote1.com/making-scientific-research-more-reliable-by-addressing-the-“reproducibility-problem”/ http://footnote1.com/making-scientific-research-more-reliable-by-addressing-the-?reproducibility-problem?/},
urldate = {08 octobre 2014},
year = {2014}
}
@misc{Statistics2014,
annote = {        From Duplicate 2 (                           Bad Statistics, and Bad Training, Are Sabotaging Drug Discovery (http://www.xconomy.com/seattle/2014/01/06/bad-statistics-bad-training-sabotaging-drug- discovery/)                         - Statistics, Bad; Training, Bad; Sabotaging, Are; Discovery, Drug )
                
        
        
      },
author = {{Science Exchange}},
booktitle = {Science Exchange},
file = {http://bib.unthinkingdepths.fr/seb/pdf//Science Exchange_2014_identifying and rewarding high-quality research.pdf},
keywords = {biology,medecine,medical,psychology,replication,scandal},
mendeley-tags = {biology,medecine,medical,psychology,replication,scandal},
pages = {8--11},
title = {identifying and rewarding high-quality research},
url = {http://validation.scienceexchange.com/#/press},
urldate = {08 octobre 2014},
year = {2014}
}
@article{Sandve2013,
annote = {        From Duplicate 1 (                           Ten simple rules for reproducible computational research.                         - Sandve, Geir Kjetil; Nekrutenko, Anton; Taylor, James; Hovig, Eivind )
And  Duplicate 3 (                           Ten Simple Rules for Reproducible Computational Research                         - Sandve, Geir Kjetil; Nekrutenko, Anton; Taylor, James; Hovig, Eivind )
                
        
        
        From Duplicate 2 (                           Ten simple rules for reproducible computational research.                         - Sandve, Geir Kjetil; Nekrutenko, Anton; Taylor, James; Hovig, Eivind )
                
        From Duplicate 2 (                           Ten Simple Rules for Reproducible Computational Research                         - Sandve, Geir Kjetil; Nekrutenko, Anton; Taylor, James; Hovig, Eivind )
                
        
        
        
        
                  
From Duplicate 4 (                           Ten simple rules for reproducible computational research.                         - Sandve, Geir Kjetil; Nekrutenko, Anton; Taylor, James; Hovig, Eivind )
                
        From Duplicate 2 (                           Ten Simple Rules for Reproducible Computational Research                         - Sandve, Geir Kjetil; Nekrutenko, Anton; Taylor, James; Hovig, Eivind )
                
        
        
        
        
      },
author = {Sandve, Geir Kjetil and Nekrutenko, Anton and Taylor, James and Hovig, Eivind},
doi = {10.1371/journal.pcbi.1003285},
editor = {Bourne, Philip E.},
file = {http://bib.unthinkingdepths.fr/seb/pdf/Sandve et al._2013_Ten simple rules for reproducible computational research.pdf},
issn = {1553-7358},
journal = {PLoS computational biology},
month = oct,
number = {10},
pages = {e1003285},
pmid = {24204232},
title = {{Ten simple rules for reproducible computational research.}},
url = {http://www.pubmedcentral.nih.gov/articlerender.fcgi?artid=3812051&tool=pmcentrez&rendertype=abstract http://www.pubmedcentral.nih.gov/articlerender.fcgi?artid=1664706&tool=pmcentrez&rendertype=abstract http://dx.plos.org/10.1371/journal.pcbi.1003285},
volume = {9},
year = {2013}
}
@article{Vines2014,
archivePrefix = {arXiv},
arxivId = {http://arxiv.org/abs/1312.5670},
author = {Vines, Timothy H and Albert, Arianne Y K and Andrew, Rose L and D'{e}barre, Florence and Bock, Dan G and Franklin, Michelle T and Gilbert, Kimberly J and Moore, Jean-S'{e}bastien and Renaut, S'{e}bastien and Rennison, Diana J},
doi = {10.1016/j.cub.2013.11.014},
eprint = {/arxiv.org/abs/1312.5670},
issn = {1879-0445},
journal = {Current biology : CB},
keywords = {open access,open data,scandal},
mendeley-tags = {open access,open data,scandal},
month = jan,
number = {1},
pages = {94--7},
pmid = {24361065},
primaryClass = {http:},
title = {{The availability of research data declines rapidly with article age.}},
url = {http://www.ncbi.nlm.nih.gov/pubmed/24361065},
volume = {24},
year = {2014}
}
@article{Samaya2013,
author = {Sayama, H},
file = {http://bib.unthinkingdepths.fr/seb/pdf/Sayama_2013_PyCX a Python-based simulation code repository for complex systems education.pdf},
journal = {Complex Adaptive Systems Modeling},
keywords = {ABM,python,replication,tools},
mendeley-tags = {ABM,python,replication,tools},
pages = {1--10},
title = {{PyCX: a Python-based simulation code repository for complex systems education}},
url = {http://link.springer.com/article/10.1186/2194-3206-1-2},
year = {2013}
}
@article{Richiardi2006,
author = {Richiardi, Matteo and Leombruni, Roberto},
file = {http://bib.unthinkingdepths.fr/seb/pdf//Leombruni et al._2006_A common protocol for agent-based social simulation.pdf},
journal = {Journal of Artificial Societies and Social Simulation},
keywords = {ABM,platform,sensitivity analysis,social sciences,standardization,tools,validation},
mendeley-tags = {ABM,platform,sensitivity analysis,social sciences,standardization,tools,validation},
number = {1},
title = {{A common protocol for agent-based social simulation}},
url = {http://jasss.soc.surrey.ac.uk/9/1/15.html},
volume = {9},
year = {2006}
}
@article{Claerbout1992,
author = {Claerbout, Jon F and Karrenfach, Martin},
file = {http://bib.unthinkingdepths.fr/seb/pdf/Claerbout, Karrenfach_1992_Electronic documents give reproducible research a new meaning.pdf},
journal = {1992 SEG Annual Meeting of the Society of Exploration Geophysics},
keywords = {active papers,open access,open science},
mendeley-tags = {active papers,open access,open science},
title = {{Electronic documents give reproducible research a new meaning}},
url = {http://sepwww.stanford.edu/doku.php?id=sep:research:reproducible:seg92 https://www.onepetro.org/conference-paper/SEG-1992-0601},
year = {1992}
}
@misc{Kuhn2014,
author = {Kuhn, Max},
booktitle = {cran.r-project.org},
file = {http://bib.unthinkingdepths.fr/seb/pdf/Kuhn_2014_CRAN Task View Reproducible Research.pdf},
keywords = {R,Sweave,active papers,blog,knitr,replication,tools},
mendeley-tags = {R,Sweave,active papers,blog,knitr,replication,tools},
title = {{CRAN Task View: Reproducible Research}},
url = {http://cran.r-project.org/web/views/ReproducibleResearch.html},
urldate = {08 octobre 2014},
year = {2014}
}
@article{MacCallum2007,
author = {MacCallum, Catriona J.},
doi = {10.1371/journal.pbio.0050285},
file = {http://bib.unthinkingdepths.fr/seb/pdf/MacCallum_2007_When is open access not open access.pdf},
issn = {15449173},
journal = {PLoS Biology},
keywords = {definition,open access,open data,open science},
mendeley-tags = {definition,open access,open data,open science},
number = {10},
pages = {2095--2097},
pmid = {17941723},
title = {{When is open access not open access?}},
volume = {5},
year = {2007}
}
@misc{Weil2014a,
author = {Weil, Sarah},
booktitle = {Footnote},
file = {http://bib.unthinkingdepths.fr/seb/pdf/Weil_2014_Why Biomedical Research Has A Reproducibility Problem.pdf},
keywords = {blog,open access,open data,open science,replication,scandal},
mendeley-tags = {blog,open access,open data,open science,replication,scandal},
number = {c},
pages = {12--15},
title = {{Why Biomedical Research Has A Reproducibility Problem}},
url = {http://footnote1.com/why-biomedical-research-has-a-reproducibility-problem/},
urldate = {08 octobre 2014},
year = {2014}
}
@unpublished{Gruson2014,
author = {Gruson-daniel, C'{e}lya},
doi = {10.6084/m9.figshare.1064413},
file = {http://bib.unthinkingdepths.fr/seb/pdf/Gruson-daniel_2014_PhD Project Mapping the Open Science Movement Characteristics and Impact on the Research System.pdf},
keywords = {open access,open data,open science},
mendeley-tags = {open access,open data,open science},
number = {April},
title = {{PhD Project : Mapping the Open Science Movement: Characteristics and Impact on the Research System}},
url = {http://figshare.com/articles/PhD_Project_Mapping_the_Open_Science_Movement_Characteristics_and_Impact_on_the_Research_System_April_2014_/1064413},
year = {2014}
}
@article{Dubois2003,
author = {Dubois, Paul F. and Epperly, Thomas and Kumfert, Gary},
file = {http://bib.unthinkingdepths.fr/seb/pdf/Dubois, Epperly, Kumfert_2003_Why Johnny can't build.pdf},
journal = {Computing in Science & Engineering},
pages = {83--88},
publisher = {IEEE},
title = {{Why Johnny can't build}},
url = {http://ieeexplore.ieee.org/xpls/abs_all.jsp?arnumber=1225867},
year = {2003}
}
@article{Reuillon2014,
author = {Reuillon, Romain and Schmitt, Clara},
file = {http://bib.unthinkingdepths.fr/seb/pdf/Reuillon, Schmitt_2014_A new method to evaluate simulation models The Calibration Profile (CP) algorithm.pdf},
keywords = {ABM,calibration,netlogo,openmole,social sciences,standardization,validation},
mendeley-tags = {ABM,calibration,netlogo,openmole,social sciences,standardization,validation},
title = {{A new method to evaluate simulation models: The Calibration Profile (CP) algorithm}},
year = {2014}
}
@article{Stodden2014,
author = {Stodden, Victoria C. and Miguez, Sheila},
doi = {10.5334/jors.ay},
file = {http://bib.unthinkingdepths.fr/seb/pdf/Stodden, Miguez_2014_Best Practices for Computational Science Software Infrastructure and Environments for Reproducible and Extensible R.pdf},
issn = {2049-9647},
journal = {Journal of Open Research Software},
keywords = {code sharing,open access,open data,open science,replication},
mendeley-tags = {code sharing,open access,open data,open science,replication},
month = jul,
number = {1},
pages = {e21},
title = {{Best Practices for Computational Science: Software Infrastructure and Environments for Reproducible and Extensible Research}},
url = {http://openresearchsoftware.metajnl.com/article/view/jors.ay/},
volume = {2},
year = {2014}
}
@book{Railsback2012,
author = {Railsback, Steven F. and Grimm, Volker},
editor = {Railsback, Steven F. and Grimm, Volker},
keywords = {netlogo,replication,standardization},
mendeley-tags = {netlogo,replication,standardization},
pages = {329},
publisher = {Princeton University Press},
title = {{Agent-Based and Individual-Based Modelling}},
year = {2012}
}
@article{Ince2012,
author = {Ince, Darrel C. and Hatton, Leslie and Graham-Cumming, John},
doi = {10.1038/nature10836},
file = {http://bib.unthinkingdepths.fr/seb/pdf/Ince, Hatton, Graham-Cumming_2012_The case for open computer programs.pdf},
isbn = {0028-0836},
issn = {0028-0836},
journal = {Nature},
keywords = {open access,replication,tools},
mendeley-tags = {open access,replication,tools},
number = {7386},
pages = {485--488},
pmid = {22358837},
publisher = {Nature Publishing Group},
title = {{The case for open computer programs}},
url = {http://dx.doi.org/10.1038/nature10836},
volume = {482},
year = {2012}
}
@article{Grimm2005,
author = {Grimm, Volker and Revilla, Eloy and Berger, Uta and Jeltsch, Florian and Mooij, Wolf M and Railsback, Steven F and Thulke, Hans-Hermann and Weiner, Jacob and Wiegand, Thorsten and DeAngelis, Donald L.},
doi = {10.1126/science.1116681},
file = {http://bib.unthinkingdepths.fr/seb/pdf/Grimm et al._2005_Pattern-oriented modeling of agent-based complex systems lessons from ecology.pdf},
issn = {1095-9203},
journal = {Science (New York, N.Y.)},
keywords = {ABM,POM,ecology,open science,social sciences,standardization,tools},
mendeley-tags = {ABM,POM,ecology,open science,social sciences,standardization,tools},
month = nov,
number = {5750},
pages = {987--91},
pmid = {16284171},
title = {{Pattern-oriented modeling of agent-based complex systems: lessons from ecology.}},
url = {http://www.ncbi.nlm.nih.gov/pubmed/16284171},
volume = {310},
year = {2005}
}
@article{Adler2014,
annote = {        From Duplicate 3 (                           The Reformation: Can Social Scientists Save Themselves ?                         - Adler, Jerry )
                
        
        
      },
author = {Adler, Jerry},
file = {http://bib.unthinkingdepths.fr/seb/pdf/Adler_2014_The Reformation Can Social Scientists Save Themselves.pdf},
journal = {Pacific Standard},
keywords = {newspaper},
mendeley-tags = {newspaper},
title = {{The Reformation: Can Social Scientists Save Themselves ?}},
url = {http://www.psmag.com/navigation/health-and-behavior/can-social-scientists-save-themselves-human-behavior-78858/},
year = {2014}
}
@misc{MacFarlane2014,
author = {MacFarlane, John},
booktitle = {Pandoc blog},
file = {http://bib.unthinkingdepths.fr/seb/pdf/MacFarlane_2014_Pandoc.pdf},
keywords = {replication,tools},
mendeley-tags = {replication,tools},
title = {{Pandoc}},
url = {http://johnmacfarlane.net/pandoc/},
urldate = {08 octobre 2014},
year = {2014}
}
@article{Moonesinghe2007,
author = {Moonesinghe, Ramal and Khoury, Muin J and Janssens, a. Cecile J. W},
doi = {10.1371/journal.pmed.0040028},
file = {http://bib.unthinkingdepths.fr/seb/pdf/Moonesinghe, Khoury, Janssens_2007_Most published research findings are false-but a little replication goes a long way.pdf},
isbn = {1549-1676 (Electronic) LA - eng PT - Journal Article},
issn = {1549-1676},
journal = {PLoS medicine},
keywords = {biology,medecine,replication,scandal},
mendeley-tags = {biology,medecine,replication,scandal},
month = feb,
number = {2},
pages = {e28},
pmid = {17326704},
publisher = {Plos One},
title = {{Most published research findings are false-but a little replication goes a long way.}},
url = {http://www.pubmedcentral.nih.gov/articlerender.fcgi?artid=1808082&tool=pmcentrez&rendertype=abstract},
volume = {4},
year = {2007}
}
@article{Kintisch2014,
author = {Kintisch, Eli},
file = {http://bib.unthinkingdepths.fr/seb/pdf/Kintisch_2014_Give, and It Will Be Given to You Science Careers.pdf},
journal = {Science Careers},
title = {{Give, and It Will Be Given to You | Science Careers}},
url = {http://sciencecareers.sciencemag.org/career_magazine/previous_issues/articles/2014_06_10/caredit.a1400146},
year = {2014}
}
@article{ChrisGoldspink2002,
author = {{Chris Goldspink}},
file = {http://bib.unthinkingdepths.fr/seb/pdf/Chris Goldspink_2002_Methodological Implications Of Complex Systems Approaches to Sociality Simulation as a foundation for knowledge.pdf},
journal = {Journal of Artificial Societies and Social Simulation},
keywords = {ABM,replication,social sciences,tools,validation},
mendeley-tags = {ABM,replication,social sciences,tools,validation},
number = {1},
title = {{Methodological Implications Of Complex Systems Approaches to Sociality: Simulation as a foundation for knowledge}},
volume = {5},
year = {2002}
}
@misc{Devlin2014,
author = {Devlin, Keith},
booktitle = {Keith Devlin Blog},
file = {http://bib.unthinkingdepths.fr/seb/pdf/Devlin_2014_Most Math Problems Do Not Have a Unique Right Answer.pdf},
keywords = {blog,mathematic,replication,validation},
mendeley-tags = {blog,mathematic,replication,validation},
title = {{Most Math Problems Do Not Have a Unique Right Answer}},
url = {http://devlinsangle.blogspot.fr/2014/08/most-math-problems-do-not-have-unique.html},
urldate = {08 octobre 2014},
year = {2014}
}
@article{Boero2005,
author = {Boero, Riccardo and Squazzoni, Flaminio},
file = {http://bib.unthinkingdepths.fr/seb/pdf/Boero, Squazzoni_2005_Does Empirical Embeddedness Matter Methodological Issues on Agent-Based Models for Analytical Social Science.pdf},
isbn = {1460-7425},
issn = {14607425},
journal = {Journal of Artificial Societies and Social Simulation},
keywords = {ABM,replication,tools,validation},
mendeley-tags = {ABM,replication,tools,validation},
pages = {1--31},
pmid = {19072748},
title = {{Does Empirical Embeddedness Matter ? Methodological Issues on Agent-Based Models for Analytical Social Science}},
url = {http://jasss.soc.surrey.ac.uk/8/4/6.html},
volume = {8},
year = {2005}
}
@article{Bissell2013,
author = {Bissell, Mina},
doi = {10.1038/nature08217},
file = {http://bib.unthinkingdepths.fr/seb/pdf/Bissell_2013_Reproducibility The risks of the replication drive.pdf},
issn = {1476-4687},
journal = {Nature},
keywords = {biology,open access,replication},
mendeley-tags = {biology,open access,replication},
pages = {333--4},
pmid = {24273798},
publisher = {Nature},
title = {{Reproducibility: The risks of the replication drive.}},
url = {http://www.ncbi.nlm.nih.gov/pubmed/24273798},
volume = {503},
year = {2013}
}
@article{Mobley2013,
author = {Mobley, Aaron and Linder, SK and Braeuer, Russell and Ellis, LM and Zwelling, Leonard},
doi = {10.1371/journal.pone.0063221},
file = {http://bib.unthinkingdepths.fr/seb/pdf/Mobley et al._2013_A survey on data reproducibility in cancer research provides insights into our limited ability to translate findings.pdf},
journal = {PloS one},
keywords = {biology,medical,replication,scandal,survey},
mendeley-tags = {biology,medical,replication,scandal,survey},
number = {5},
publisher = {Plos One},
title = {{A survey on data reproducibility in cancer research provides insights into our limited ability to translate findings from the laboratory to the clinic}},
url = {http://dx.plos.org/10.1371/journal.pone.0063221},
volume = {8},
year = {2013}
}
@misc{Stodden2014,
author = {Stodden, Victoria C.},
file = {http://bib.unthinkingdepths.fr/seb/pdf/Stodden_2014_Toward Reproducible Computational Science Reliability, Re-Use, and Readability.pdf},
keywords = {open science,replication,slides,tools},
mendeley-tags = {open science,replication,slides,tools},
title = {{Toward Reproducible Computational Science: Reliability, Re-Use, and Readability}},
year = {2014}
}
@misc{Hanwell2014,
author = {Hanwell, Marcus D.},
booktitle = {opensource.com},
file = {http://bib.unthinkingdepths.fr/seb/pdf/Hanwell_2014_Interview with Ross Mounce University of Bath.pdf},
keywords = {biology,blog,open data,open science},
mendeley-tags = {biology,blog,open data,open science},
title = {{Interview with Ross Mounce University of Bath}},
url = {http://opensource.com/education/14/8/evolution-open},
urldate = {08 octobre 2014},
year = {2014}
}
@article{Prlic2012,
annote = {        From Duplicate 1 (                           Ten simple rules for the open development of scientific software.                         - Prli'{c}, Andreas; Procter, James B )
                
        
        
      },
author = {Prli'{c}, Andreas and Procter, James B},
doi = {10.1371/journal.pcbi.1002802},
file = {http://bib.unthinkingdepths.fr/seb/pdf/Prli'{c}, Procter_2012_Ten simple rules for the open development of scientific software.pdf},
issn = {1553-7358},
journal = {PLoS computational biology},
keywords = {computer science,manifeste,replication},
mendeley-tags = {computer science,manifeste,replication},
month = jan,
number = {12},
pages = {e1002802},
pmid = {23236269},
title = {{Ten simple rules for the open development of scientific software.}},
url = {http://www.pubmedcentral.nih.gov/articlerender.fcgi?artid=3516539&tool=pmcentrez&rendertype=abstract},
volume = {8},
year = {2012}
}
@article{Gavish2011,
author = {Gavish, Matan and Donoho, David},
doi = {10.1016/j.procs.2011.04.067},
file = {http://bib.unthinkingdepths.fr/seb/pdf/Gavish, Donoho_2011_A Universal Identifier for Computational Results.pdf},
issn = {18770509},
journal = {Procedia Computer Science},
keywords = {replication,tools},
mendeley-tags = {replication,tools},
month = jan,
pages = {637--647},
title = {{A Universal Identifier for Computational Results}},
url = {http://linkinghub.elsevier.com/retrieve/pii/S1877050911001256},
volume = {4},
year = {2011}
}
@misc{Jump2013,
author = {Jump, Paul},
booktitle = {timeshighereducation.co.uk},
file = {http://bib.unthinkingdepths.fr/seb/pdf/Jump_2013_Open access papers ‘gain more traffic and citations’.pdf},
keywords = {newspaper,open access},
mendeley-tags = {newspaper,open access},
title = {{Open access papers ‘gain more traffic and citations’}},
url = {http://www.timeshighereducation.co.uk/home/open-access-papers-gain-more-traffic-and-citations/2014850.article},
urldate = {08 octobre 2014},
year = {2013}
}
@article{Richiardi2006,
author = {Leombruni, Roberto and Richiardi, Matteo and Saam, Nicole J and Sonnessa, Michele},
file = {http://bib.unthinkingdepths.fr/seb/pdf//Leombruni et al._2006_A common protocol for agent-based social simulation.pdf:pdf;:home/srey/TRAVAUX/THESE/REPOSITORY_PDF/RANGE//Leombruni et al._2006_A common protocol for agent-based social simulation.pdf},
journal = {Journal of Artificial Societies and Social Simulation},
keywords = {agent-based,calibration,methodology,sensitivity analysis,simulations,validation},
number = {1},
title = {{A common protocol for agent-based social simulation}},
url = {http://jasss.soc.surrey.ac.uk/9/1/15.html},
volume = {9},
year = {2006}
}
@article{Donoho2010,
author = {Donoho, David L.},
doi = {10.1093/biostatistics/kxq028},
file = {http://bib.unthinkingdepths.fr/seb/pdf/Donoho_2010_An invitation to reproducible computational research.pdf},
issn = {14654644},
journal = {Biostatistics},
keywords = {biology,computer science,replication},
mendeley-tags = {biology,computer science,replication},
pages = {385--388},
pmid = {20538873},
publisher = {Donoho2010},
title = {{An invitation to reproducible computational research}},
volume = {11},
year = {2010}
}
@article{Wilson2014,
abstract = {Scientists spend an increasing amount of time building and using software. However, most scientists are never taught how to do this efficiently. As a result, many are unaware of tools and practices that would allow them to write more reliable and maintainable code with less effort. We describe a set of best practices for scientific software development that have solid foundations in research and experience, and that improve scientists’ productivity and the reliability of their software},
archivePrefix = {arXiv},
arxivId = {arXiv:1210.0530v1},
author = {Wilson, G and Aruliah, D.a. DA and Brown, CT and Hong, Npc},
doi = {10.1371/journal.pbio.1001745},
eprint = {arXiv:1210.0530v1},
file = {http://bib.unthinkingdepths.fr/seb/pdf/Wilson et al._2014_Best practices for scientific computing(2).pdf:pdf;:home/srey/TRAVAUX/THESE/REPOSITORY_PDF/RANGE/Wilson et al._2014_Best practices for scientific computing.pdf},
journal = {PLoS biology},
keywords = {manifeste,open access,open data,open science,replication},
mendeley-tags = {manifeste,open access,open data,open science,replication},
number = {May},
pages = {1--18},
pmid = {24415924},
title = {{Best practices for scientific computing}},
url = {http://dx.plos.org/ambra-doi-resolver/10.1371/journal.pbio.1001745},
volume = {340},
year = {2014}
}
@misc{Balasegaram2014,
author = {Balasegaram, Manica},
file = {http://bib.unthinkingdepths.fr/seb/pdf/Balasegaram_2014_Open Source, Open Science Why We Need Open Source Pharma.pdf},
keywords = {biomedical,medecine,medical,open access,open data,open science,replication},
mendeley-tags = {biomedical,medecine,medical,open access,open data,open science,replication},
pages = {2--4},
title = {{Open Source, Open Science: Why We Need Open Source Pharma}},
url = {https://medium.com/@MBalasegaram/open-source-open-science-why-we-need-open-source-pharma-90b62f2df175},
urldate = {08 octobre 2014},
year = {2014}
}
@misc{Timer2010,
author = {Timer, John},
booktitle = {Ars Technica},
keywords = {newspaper,open data,replication},
mendeley-tags = {newspaper,open data,replication},
title = {{Preserving science: what to do with raw research material}},
url = {http://arstechnica.com/science/2010/11/preserving-science-handling-raw-material/},
urldate = {08 octobre 2014},
year = {2010}
}
@article{Freese2007a,
author = {Freese, J.},
doi = {10.1177/0049124107306659},
file = {http://bib.unthinkingdepths.fr/seb/pdf/Freese_2007_Replication Standards for Quantitative Social Science Why Not Sociology(2).pdf},
issn = {0049-1241},
journal = {Sociological Methods & Research},
keywords = {replication,social sciences,sociology},
mendeley-tags = {replication,social sciences,sociology},
pages = {153--172},
title = {{Replication Standards for Quantitative Social Science: Why Not Sociology?}},
volume = {36},
year = {2007}
}
@article{Tustison2013,
author = {Tustison, Nicholas J. and Johnson, Hans J. and Rohlfing, Torsten and Klein, Arno and Ghosh, Satrajit S. and Ibanez, Luis and Avants, Brian B.},
doi = {10.3389/fnins.2013.00162},
file = {http://bib.unthinkingdepths.fr/seb/pdf/Tustison et al._2013_Instrumentation bias in the use and evaluation of scientific software Recommendations for reproducible practices in.pdf},
isbn = {1662-4548 (Print)$backslash$r1662-453X (Linking)},
issn = {1662453X},
journal = {Frontiers in Neuroscience},
keywords = {neuroscience,open access,open data,open science,replication},
mendeley-tags = {neuroscience,open access,open data,open science,replication},
number = {September},
pages = {1--4},
pmid = {24058331},
title = {{Instrumentation bias in the use and evaluation of scientific software: Recommendations for reproducible practices in the computational sciences}},
volume = {7},
year = {2013}
}
@article{Callaway2013,
author = {Callaway, Ewen},
doi = {10.1038/503180a},
file = {http://bib.unthinkingdepths.fr/seb/pdf/Callaway_2013_Preprints come to life.pdf},
issn = {0028-0836},
journal = {Nature},
keywords = {dissemination platform,open access,open science},
mendeley-tags = {dissemination platform,open access,open science},
pages = {180--180},
pmid = {24226869},
title = {{Preprints come to life}},
url = {http://www.nature.com/news/preprints-come-to-life-1.14140?WT.ec_id=NATURE-20131114$backslash$nhttp://www.nature.com/news/preprints-come-to-life-1.14140?WT.ec_id=NATURE-20131114#arxiv$backslash$nhttp://www.ncbi.nlm.nih.gov/pubmed/24226869$backslash$nhttp://www.nature.com/news/preprints-come-to-life-1.14140},
volume = {503},
year = {2013}
}
@misc{Meyer2008,
author = {Meyer, Michelle N. and Chabris, Christopher F.},
booktitle = {Slate},
file = {http://bib.unthinkingdepths.fr/seb/pdf//Meyer, Chabris_2008_Les chercheurs en psychologie s''{e}charpent, et nous ne devrions pas nous en laver les mains.pdf},
keywords = {newspaper,psychology,scandal},
mendeley-tags = {newspaper,psychology,scandal},
title = {{Les chercheurs en psychologie s''{e}charpent, et nous ne devrions pas nous en laver les mains}},
url = {http://www.slate.fr/story/91163/chercheurs-psychologie-replication},
year = {2008}
}
@incollection{Langlois2005,
author = {Langlois, Patrice and Reguer, Daniel},
booktitle = {Mod'{e}lisation en G'{e}ographie : d'{e}terminismes et complexit'{e}s},
chapter = {1},
editor = {Guermond, Yves},
keywords = {ABM,geography,standardization,validation},
mendeley-tags = {ABM,geography,standardization,validation},
pages = {35--48},
publisher = {Herm`{e}s},
title = {{La place du mod`{e}le et de la mod'{e}lisation en Science Humaines et Sociales}},
year = {2005}
}
@article{Stodden2012,
abstract = {The guest editor presents the articles for this special issue on reproducible research for scientific computing.},
author = {Stodden, Victoria C.},
doi = {10.1109/MCSE.2012.82},
file = {http://bib.unthinkingdepths.fr/seb/pdf/Stodden_2012_Reproducible Research Tools and Strategies for Scientific Computing.pdf},
issn = {1521-9615},
journal = {Computing in Science & Engineering},
keywords = {open access,open data,open science,replication},
mendeley-tags = {open access,open data,open science,replication},
number = {4},
pages = {11--12},
title = {{Reproducible Research: Tools and Strategies for Scientific Computing}},
url = {http://www.computer.org/csdl/mags/cs/2012/04/mcs2012040011-abs.html},
volume = {14},
year = {2012}
}
@article{Niazi2013,
author = {Niazi, Muaz},
file = {http://bib.unthinkingdepths.fr/seb/pdf/Access_2013_Complex Adaptive Systems Modeling A multidisciplinary Roadmap.pdf},
keywords = {replication},
mendeley-tags = {replication},
pages = {1--14},
title = {{Complex Adaptive Systems Modeling: A multidisciplinary Roadmap}},
year = {2013}
}
@phdthesis{Limare2012,
author = {Limare, Nicolas},
file = {http://bib.unthinkingdepths.fr/seb/pdf/Limare_2013_Recherche repruductible, qualit'{e} logicielle, publication et interfaces en ligne pour le traitement d'image.pdf},
school = {Ecole normale sup'{e}rieur de cachan},
title = {{Recherche repruductible, qualit'{e} logicielle, publication et interfaces en ligne pour le traitement d'image}},
year = {2013}
}
@misc{Murray2014,
author = {Murray-rust, Peter},
file = {http://bib.unthinkingdepths.fr/seb/pdf/Murray-rust_2009_Open Notebook Science - Wikipedia.pdf},
keywords = {active papers,chemistry,open access,open data,open science,tools},
mendeley-tags = {active papers,chemistry,open access,open data,open science,tools},
pages = {0},
title = {{Open Notebook Science - Wikipedia}},
url = {http$backslash$n//en.wikipedia.org/wiki/Open_notebook_science},
volume = {2009},
year = {2009}
}
@article{Goodman2014,
annote = {        From Duplicate 1 ( 
        
        
          10 Simple Rules for the Care and Feeding of Scientific Data
        
        
         - Goodman, Alyssa; Pepe, Alberto; Blocker, Alexander W; Borgman, Christine L; Cranmer, Kyle; Crosas, Merc`{e}; Di Stefano, Rosanne; Gil, Yolanda; Groth, Paul; Hedstrom, Margaret; Hogg, David W; Kashyap, Vinay; Mahabal, Ashish; Siemiginowska, Aneta; Slavkovic, Aleksandra )

        
        

        From Duplicate 2 ( 
        
        
          10 Simple Rules for the Care and Feeding of Scientific Data
        
        
         - Goodman, Alyssa; Pepe, Alberto; Blocker, Alexander W; Borgman, Christine L; Cranmer, Kyle; Crosas, Merc`{e}; Di Stefano, Rosanne; Gil, Yolanda; Groth, Paul; Hedstrom, Margaret; Hogg, David W; Kashyap, Vinay; Mahabal, Ashish; Siemiginowska, Aneta; Slavkovic, Aleksandra )

        
        

        

        

        

        

        From Duplicate 2 ( 
        
        
          10 Simple Rules for the Care and Feeding of Scientific Data
        
        
         - Goodman, Alyssa; Pepe, Alberto; Blocker, Alexander W; Borgman, Christine L; Cranmer, Kyle; Crosas, Merc`{e}; Di Stefano, Rosanne; Gil, Yolanda; Groth, Paul; Hedstrom, Margaret; Hogg, David W; Kashyap, Vinay; Mahabal, Ashish; Siemiginowska, Aneta; Slavkovic, Aleksandra )

        
        

        From Duplicate 2 ( 
        
        
          10 Simple Rules for the Care and Feeding of Scientific Data
        
        
         - Goodman, Alyssa; Pepe, Alberto; Blocker, Alexander W; Borgman, Christine L; Cranmer, Kyle; Crosas, Merc`{e}; Di Stefano, Rosanne; Gil, Yolanda; Groth, Paul; Hedstrom, Margaret; Hogg, David W; Kashyap, Vinay; Mahabal, Ashish; Siemiginowska, Aneta; Slavkovic, Aleksandra )

        
        

        

        

        

        

        
          
From Duplicate 3 ( 
        
        
          10 Simple Rules for the Care and Feeding of Scientific Data
        
        
         - Goodman, Alyssa; Pepe, Alberto; Blocker, Alexander W; Borgman, Christine L; Cranmer, Kyle; Crosas, Merc`{e}; Di Stefano, Rosanne; Gil, Yolanda; Groth, Paul; Hedstrom, Margaret; Hogg, David W; Kashyap, Vinay; Mahabal, Ashish; Siemiginowska, Aneta; Slavkovic, Aleksandra )

        
        

        

        

      },
archivePrefix = {arXiv},
arxivId = {1401.2134},
author = {Goodman, Alyssa and Pepe, Alberto and Blocker, Alexander W and Borgman, Christine L and Cranmer, Kyle and Crosas, Merc`{e} and {Di Stefano}, Rosanne and Gil, Yolanda and Groth, Paul and Hedstrom, Margaret and Hogg, David W and Kashyap, Vinay and Mahabal, Ashish and Siemiginowska, Aneta and Slavkovic, Aleksandra},
eprint = {1401.2134},
file = {http://bib.unthinkingdepths.fr/seb/pdf/Goodman et al._2014_10 Simple Rules for the Care and Feeding of Scientific Data.pdf},
keywords = {manifeste,open access,open data,open science,replication,tools},
mendeley-tags = {manifeste,open access,open data,open science,replication,tools},
month = jan,
pages = {1--9},
title = {{10 Simple Rules for the Care and Feeding of Scientific Data}},
url = {http://arxiv.org/abs/1401.2134},
year = {2014}
}
@article{Editor2012,
author = {Editor},
doi = {10.1038/483509a},
file = {http://bib.unthinkingdepths.fr/seb/pdf/Editor_2012_Must Try Harder.pdf},
issn = {1476-4687},
journal = {Nature},
keywords = {replication,scandal},
mendeley-tags = {replication,scandal},
pages = {509},
pmid = {22460859},
publisher = {Nature},
title = {{Must Try Harder}},
volume = {483},
year = {2012}
}
@misc{Nyhan2014,
author = {Nyhan, Brendan},
booktitle = {New York Times},
file = {http://bib.unthinkingdepths.fr/seb/pdf/Nyhan_2014_To Get More Out of Science, Show the Rejected Research.pdf},
keywords = {psychology,replication,retraction},
mendeley-tags = {psychology,replication,retraction},
pages = {19--21},
title = {{To Get More Out of Science, Show the Rejected Research}},
url = {http://www.nytimes.com/2014/09/19/upshot/to-get-more-out-of-science-show-the-rejected-research.html?_r=1&abt=0002&abg=1},
urldate = {08 octobre 2014},
year = {2014}
}
@article{Sonnenburg2007,
author = {Sonnenburg, S"{o}ren and Braun, Mikio and Ong, Cheng Soon and Bengio, Samy and Bottou, Leon and Holmes, Geoffrey and LeCun, Yann and M"{u}ller, Klaus-Robert and Pereira, Fernando and Rasmussen, Carl Edward and Raetsch, Gunnar and Sch"{o}lkopf, Bernhard and Smola, Alex and Vincent, Pascal and Weston, Jason and Williamson, Robert},
file = {http://bib.unthinkingdepths.fr/seb/pdf/Sonnenburg et al._2007_The Need for Open Source Software in Machine Learning.pdf},
issn = {1532-4435},
journal = {Journal of Machine Learning Research},
keywords = {manifeste,open science,replication,statistical,tools},
mendeley-tags = {manifeste,open science,replication,statistical,tools},
pages = {2443--2466},
title = {{The Need for Open Source Software in Machine Learning}},
url = {http://eprints.pascal-network.org/archive/00003273/},
volume = {8},
year = {2007}
}
@article{Grimm2011a,
author = {Grimm, Volker and Railsback, S. F.},
doi = {10.1098/rstb.2011.0180},
file = {http://bib.unthinkingdepths.fr/seb/pdf/Grimm, Railsback_2011_Pattern-oriented modelling a 'multi-scope' for predictive systems ecology.pdf},
issn = {0962-8436},
journal = {Philosophical Transactions of the Royal Society B: Biological Sciences},
keywords = {ecology,replication,standardization},
mendeley-tags = {ecology,replication,standardization},
month = dec,
number = {1586},
pages = {298--310},
title = {{Pattern-oriented modelling: a 'multi-scope' for predictive systems ecology}},
url = {http://rstb.royalsocietypublishing.org/cgi/doi/10.1098/rstb.2011.0180},
volume = {367},
year = {2011}
}
@article{Broaddus2013,
author = {Baumer, Ben and Cetinkaya-rundel, Mine and Bray, Andrew and Loi, Linda and Horton, Nicholas J},
doi = {10.5811/westjem.2011.5.6700},
file = {http://bib.unthinkingdepths.fr/seb/pdf/Baumer et al._2013_R Markdown Integrating a reproducible analysis tool into introductory statistics.pdf},
isbn = {9780980200454},
journal = {Berkeley Planning Journal},
keywords = {R,active papers,markdown,statistics,tools},
mendeley-tags = {R,active papers,markdown,statistics,tools},
number = {1},
pages = {217--220},
title = {{R Markdown : Integrating a reproducible analysis tool into introductory statistics}},
volume = {26},
year = {2013}
}
@article{Railsback2006,
author = {Railsback, S. F. and Lytinen, S. L. and Jackson, S. K.},
doi = {10.1177/0037549706073695},
file = {http://bib.unthinkingdepths.fr/seb/pdf/Railsback, Lytinen, Jackson_2006_Agent-based Simulation Platforms Review and Development Recommendations.pdf},
issn = {0037-5497},
journal = {SIMULATION},
keywords = {ABM,ecology,replication,social sciences,tools},
mendeley-tags = {ABM,ecology,replication,social sciences,tools},
month = sep,
number = {9},
pages = {609--623},
title = {{Agent-based Simulation Platforms: Review and Development Recommendations}},
url = {http://sim.sagepub.com/cgi/doi/10.1177/0037549706073695},
volume = {82},
year = {2006}
}
@misc{Palm2013,
author = {Palm, Ulo},
file = {http://bib.unthinkingdepths.fr/seb/pdf/Palm_2013_The Reproducibility Crises in Biomedical Research and its Impact on Pharmaceutical R&D Productivity.pdf},
keywords = {biology,biomedical,medecine,replication,scandal},
mendeley-tags = {biology,biomedical,medecine,replication,scandal},
title = {{The Reproducibility Crises in Biomedical Research and its Impact on Pharmaceutical R&D Productivity}},
year = {2013}
}
@techreport{Bauin2014,
archivePrefix = {arXiv},
arxivId = {arXiv:1011.1669v3},
author = {Bauin, Serge},
eprint = {arXiv:1011.1669v3},
file = {http://bib.unthinkingdepths.fr/seb/pdf/Bauin_2014_L'open Access a moyen terme une feuille de route pour HAL (Hyper Article en Ligne).pdf},
institution = {CNRS},
isbn = {1853467960},
keywords = {cnrs,france,open access,social sciences},
mendeley-tags = {cnrs,france,open access,social sciences},
title = {{L'open Access a moyen terme : une feuille de route pour HAL (Hyper Article en Ligne)}},
volume = {41},
year = {2014}
}
@article{Cassey2006a,
author = {Cassey, P and Blackburn, T},
doi = {10.1641/0006-3568(2006)56%5B958:RARIE%5D2.0.CO;2},
file = {http://bib.unthinkingdepths.fr/seb/pdf//Cassey, Blackburn_2006_Reproducibility and Repeatability in Ecology.pdf},
issn = {1525-3244},
journal = {BioScience},
keywords = {biology,repeatability,replication},
mendeley-tags = {biology,repeatability,replication},
number = {12},
pages = {958--9},
title = {{Reproducibility and Repeatability in Ecology}},
url = {http://caliber.ucpress.net/doi/full/10.1641/0006-3568%282006%2956%5B958%3ARARIE%5D2.0.CO%3B2 http://caliber.ucpress.net/doi/full/10.1641/0006-3568(2006)56[958:RARIE]2.0.CO;2},
volume = {56},
year = {2006}
}
@article{Ellison2010,
author = {Ellison, Aaron M.},
doi = {10.1890/09-0032.1},
file = {http://bib.unthinkingdepths.fr/seb/pdf/Ellison_2010_Repeatability and transparency in ecological research.pdf},
isbn = {0012-9658},
issn = {00129658},
journal = {Ecology},
keywords = {ecology,repeatability},
mendeley-tags = {ecology,repeatability},
number = {9},
pages = {2536--2539},
pmid = {20957944},
title = {{Repeatability and transparency in ecological research}},
volume = {91},
year = {2010}
}
@misc{Coyne2014b,
author = {Coyne, James},
booktitle = {James Coyne blog},
file = {http://bib.unthinkingdepths.fr/seb/pdf/Coyne_2014_What We Need to Do to Redeem Psychotherapy Research.pdf},
keywords = {blog,manifeste,psychology,scandal},
mendeley-tags = {blog,manifeste,psychology,scandal},
number = {2006},
title = {{What We Need to Do to Redeem Psychotherapy Research}},
url = {http://jcoynester.wordpress.com/2014/06/10/what-we-need-to-do-to-redeem-the-psychotherapy-research/},
urldate = {08 octobre 2014},
volume = {74},
year = {2014}
}
@article{Ahmed2011,
author = {Ahmed, Muaz and Niazi, Khan and Science, Computing},
file = {http://bib.unthinkingdepths.fr/seb/pdf/Ahmed, Niazi, Science_2011_Towards A Novel Unified Framework for Developing Formal, Network and Validated Agent-Based Simulation Models.pdf},
keywords = {ABM,framework,validation},
mendeley-tags = {ABM,framework,validation},
title = {{Towards A Novel Unified Framework for Developing Formal, Network and Validated Agent-Based Simulation Models of Complex Adaptive Systems}},
year = {2011}
}
@article{Vandewalle2009,
author = {Vandewalle, P. and Kovacevic, J. and Vetterli, M.},
doi = {10.1109/MSP.2009.932122},
file = {http://bib.unthinkingdepths.fr/seb/pdf/Vandewalle, Kovacevic, Vetterli_2009_Reproducible research in signal processing.pdf},
isbn = {1053-5888},
issn = {1053-5888},
journal = {IEEE Signal Processing Magazine},
keywords = {manifeste,open data,replication},
mendeley-tags = {manifeste,open data,replication},
number = {May},
pages = {37--47},
title = {{Reproducible research in signal processing}},
volume = {26},
year = {2009}
}
@misc{Taylor2012,
author = {Taylor, Mike},
booktitle = {The guardian},
file = {http://bib.unthinkingdepths.fr/seb/pdf/Taylor_2012_The parable of the farmers and the Teleporting Duplicator.pdf},
keywords = {open access},
mendeley-tags = {open access},
title = {{The parable of the farmers and the Teleporting Duplicator}},
url = {http://www.theguardian.com/science/blog/2012/feb/10/parable-farmers-teleporting-duplicator},
urldate = {08 octobre 2014},
year = {2012}
}
@article{Nature2012,
author = {Editor},
file = {http://bib.unthinkingdepths.fr/seb/pdf/Editor_2012_Editorial Note.pdf},
journal = {Nature},
keywords = {medical,replication,scandal},
mendeley-tags = {medical,replication,scandal},
pages = {2012},
publisher = {Nature},
title = {{Editorial Note}},
volume = {485},
year = {2012}
}
@misc{Shawn2014,
author = {Shawn},
booktitle = {Electric Archaeology},
file = {http://bib.unthinkingdepths.fr/seb/pdf/Shawn_2014_Open Notebooks.pdf},
keywords = {active papers,blog,open science},
mendeley-tags = {active papers,blog,open science},
title = {{Open Notebooks}},
url = {http://electricarchaeology.ca/2014/09/16/open-notebooks/},
urldate = {08 octobre 2014},
year = {2014}
}
@article{Begley2012,
author = {Begley, C. Glenn and Ellis, Lee M.},
file = {http://bib.unthinkingdepths.fr/seb/pdf/Begley, Ellis_2012_Raise standards for preclinical cancer research.pdf},
journal = {Nature},
keywords = {biology,medecine,replication},
mendeley-tags = {biology,medecine,replication},
number = {29},
pages = {531--533},
title = {{Raise standards for preclinical cancer research}},
volume = {483},
year = {2012}
}
@techreport{RoyalSociety2012,
author = {{The royal Society Science Policy Centre}},
booktitle = {Royal Society},
file = {http://bib.unthinkingdepths.fr/seb/pdf/The royal Society Science Policy Centre_2012_Science as an open enterprise open data for open science.pdf},
institution = {Royal Society Science},
isbn = {9780854039623},
keywords = {manifeste,open data,open science},
mendeley-tags = {manifeste,open data,open science},
number = {June},
title = {{Science as an open enterprise: open data for open science}},
url = {http://openaccess.sdum.uminho.pt/wp-content/uploads/2013/02/1_GeoffreyBoulton_OpenAIREworkshopUMinho.pdf},
year = {2012}
}
@misc{Coombes2007,
author = {Coombes, Kevin R},
file = {http://bib.unthinkingdepths.fr/seb/pdf/Coombes_2007_Sweave First Steps Toward Reproducible Analyses.pdf},
keywords = {R,Sweave,replication,tools},
mendeley-tags = {R,Sweave,replication,tools},
number = {February},
title = {{Sweave: First Steps Toward Reproducible Analyses}},
year = {2007}
}
@article{Yong2013,
abstract = {Thirty-six labs collaborate to check 13 earlier findings.},
author = {Yong, Ed},
doi = {10.1038/nature.2013.14232},
file = {http://bib.unthinkingdepths.fr/seb/pdf/Yong_2013_Psychologists strike a blow for reproducibility.pdf},
issn = {1476-4687},
journal = {Nature},
keywords = {psychology,scandal},
mendeley-tags = {psychology,scandal},
month = nov,
pages = {2},
title = {{Psychologists strike a blow for reproducibility}},
url = {http://www.nature.com/doifinder/10.1038/nature.2013.14232$backslash$nhttp://www.nature.com/news/psychologists-strike-a-blow-for-reproducibility-1.14232},
year = {2013}
}
@misc{Alexander2013,
abstract = {The mistakes revealed this week in a celebrated paper by two eminent economists, were spotted by a student - Thomas Herndon of the University of Massachusetts Amherst.},
author = {Alexander, Ruth},
booktitle = {BBC News Magazine},
file = {http://bib.unthinkingdepths.fr/seb/pdf/Alexander_2013_BBC News - Reinhart, Rogoff... and Herndon The student who caught out the profs.pdf},
keywords = {economy,scandal},
mendeley-tags = {economy,scandal},
title = {{BBC News - Reinhart, Rogoff... and Herndon: The student who caught out the profs}},
url = {http://www.bbc.co.uk/news/magazine-22223190},
urldate = {08 octobre 2014},
year = {2013}
}
@misc{Funder2012,
author = {Funder, David},
booktitle = {hardsci.wordpress.com},
file = {http://bib.unthinkingdepths.fr/seb/pdf/Funder_2012_Replication, period.pdf},
keywords = {blog,psychology,replication,scandal},
mendeley-tags = {blog,psychology,replication,scandal},
title = {{Replication, period}},
urldate = {20 octobre 2014},
year = {2012}
}
@misc{Brown2012,
author = {Brown, C. Titus},
booktitle = {Living in an ivory basement},
file = {http://bib.unthinkingdepths.fr/seb/pdf/Brown_2012_w4s - thoughts on making science work better.pdf},
keywords = {blog,open science},
mendeley-tags = {blog,open science},
number = {I},
title = {w4s - thoughts on making science work better},
url = {http://ivory.idyll.org/blog/w4s-overview.html},
urldate = {08 octobre 2014},
year = {2012}
}
@misc{Marcus2012,
author = {Marcus, Gary},
booktitle = {newyorker},
file = {http://bib.unthinkingdepths.fr/seb/pdf/Marcus_2012_Cleaning Up Science.pdf},
keywords = {newspaper,replication,retraction},
mendeley-tags = {newspaper,replication,retraction},
title = {{Cleaning Up Science}},
url = {http://www.newyorker.com/news/news-desk/cleaning-up-science},
urldate = {08 octobre 2014},
year = {2012}
}
@article{Rouchier2008,
author = {Rouchier, Juliette and Cioffi-Revilla, Claudio and Polhill, J. Gary and Takadama, Keiki},
file = {http://bib.unthinkingdepths.fr/seb/pdf/Rouchier et al._2008_Progress in Model-To-Model Analysis.pdf},
journal = {Journal of Artificial Societies and Social Simulation},
keywords = {ABM,m2m,replication,social sciences,validation},
mendeley-tags = {ABM,m2m,replication,social sciences,validation},
number = {2},
title = {{Progress in Model-To-Model Analysis}},
volume = {11},
year = {2008}
}
@article{Davidson2008,
author = {Davidson, Sb and Freire, Juliana},
doi = {10.1145/1376616.1376772},
file = {http://bib.unthinkingdepths.fr/seb/pdf/Davidson, Freire_2008_Provenance and scientific workflows challenges and opportunities.pdf},
isbn = {9781605581026},
issn = {07308078},
journal = {Proceedings of the 2008 ACM SIGMOD ldots},
keywords = {open data,open science,platform,provenance,replication,tools},
mendeley-tags = {open data,open science,platform,provenance,replication,tools},
pages = {1--6},
title = {{Provenance and scientific workflows: challenges and opportunities}},
url = {http://dl.acm.org/citation.cfm?id=1376772},
year = {2008}
}
@article{Baker2005,
annote = {        From Duplicate 1 (                           The quantitative revolution plus 55 years: relevant, testable and reproducible modelling?                         - Baker, R. G. V.; Boots, Barry )
                
        
        
      },
author = {Baker, R. G. V. and Boots, Barry},
doi = {10.1007/s10109-005-0002-9},
file = {http://bib.unthinkingdepths.fr/seb/pdf/Baker, Boots_2005_The quantitative revolution plus 55 years relevant, testable and reproducible modelling.pdf},
issn = {1435-5930},
journal = {Journal of Geographical Systems},
keywords = {replication},
mendeley-tags = {replication},
month = aug,
number = {3-4},
pages = {269--272},
title = {{The quantitative revolution plus 55 years: relevant, testable and reproducible modelling?}},
url = {http://link.springer.com/10.1007/s10109-005-0002-9},
volume = {7},
year = {2005}
}
@article{Hinsen2014,
author = {Hinsen, Konrad},
doi = {10.12688/f1000research.4263},
file = {http://bib.unthinkingdepths.fr/seb/pdf/Hinsen_2014_Computational science shifting the focus from tools to models.pdf:pdf;:home/srey/TRAVAUX/THESE/REPOSITORY_PDF/RANGE/Hinsen_2014_Computational science shifting the focus from tools to models(2).pdf},
issn = {2046-1402},
journal = {F1000Research},
keywords = {open science,replication,tools},
mendeley-tags = {open science,replication,tools},
month = jun,
number = {May},
pages = {1--10},
title = {{Computational science: shifting the focus from tools to models}},
url = {http://f1000research.com/articles/3-101/v2 http://f1000research.com/articles/3-101/v1},
volume = {101},
year = {2014}
}
@article{Conte2012,
author = {Conte, R. and Gilbert, N. and Bonelli, G. and Cioffi-Revilla, C. and Deffuant, G. and Kertesz, J. and Loreto, V. and Moat, S. and Nadal, J. P. and Sanchez, A. and Nowak, A. and Flache, A. and {San Miguel}, M. and Helbing, D.},
doi = {10.1140/epjst/e2012-01697-8},
file = {http://bib.unthinkingdepths.fr/seb/pdf/Conte et al._2012_Manifesto of computational social science.pdf},
issn = {19516355},
journal = {European Physical Journal: Special Topics},
keywords = {manifeste,replication,social sciences},
mendeley-tags = {manifeste,replication,social sciences},
pages = {325--346},
title = {{Manifesto of computational social science}},
volume = {214},
year = {2012}
}
@misc{Jackson2014,
author = {Jackson, Andy},
booktitle = {british library blog},
file = {http://bib.unthinkingdepths.fr/seb/pdf/Jackson_2014_What is still on the web after 10 years of archiving.pdf},
keywords = {archiving,link,replication},
mendeley-tags = {archiving,link,replication},
title = {{What is still on the web after 10 years of archiving?}},
url = {http://britishlibrary.typepad.co.uk/webarchive/2014/10/what-is-still-on-the-web-after-10-years-of-archiving-.html},
urldate = {20 octobre 2014},
volume = {2004},
year = {2014}
}
@misc{2014,
author = {Atz, Ulrich},
booktitle = {blog.lse.ac.uk},
file = {http://bib.unthinkingdepths.fr/seb/pdf/Atz_2014_Thomas Piketty’s Capital changed the global discussion about inequality because of its great data – now make it open.pdf},
keywords = {blog,economy,open access,open data,open science,replication},
mendeley-tags = {blog,economy,open access,open data,open science,replication},
number = {2003},
title = {{Thomas Piketty’s Capital changed the global discussion about inequality because of its great data – now make it open.}},
urldate = {20 octobre 2014},
year = {2014}
}
@inproceedings{Drummond2009,
author = {Drummond, Dr. Chris},
booktitle = {Proc. of the Evaluation Methods for Machine Learning Workshop at the 26th ICML},
file = {http://bib.unthinkingdepths.fr/seb/pdf/Drummond_2009_Replicability is not Reproducibility Nor is it Good Science.pdf},
isbn = {978-1-60558-516-1},
number = {2005},
title = {{Replicability is not Reproducibility: Nor is it Good Science}},
url = {http://cogprints.org/7691/},
year = {2009}
}
@article{Kershaw2013a,
author = {Kershaw, Sophie},
file = {http://bib.unthinkingdepths.fr/seb/pdf/Kershaw_2013_Open Education 2030.pdf},
keywords = {education},
mendeley-tags = {education},
pages = {1--82},
title = {{Open Education 2030}},
year = {2013}
}
@misc{Openscience2013,
author = {Openscience},
booktitle = {openscience.com},
file = {http://bib.unthinkingdepths.fr/seb/pdf/Unknown_Unknown_Open Access increases citation A brief overview of two reports Open Science.pdf},
keywords = {blog,citation,metrics,open access},
mendeley-tags = {blog,citation,metrics,open access},
title = {{Open Access increases citation? A brief overview of two reports}},
url = {http://openscience.com/open-access-increases-citation-a-brief-overview-of-two-reports/},
urldate = {20 octobre 3014},
year = {2013}
}
@article{Wicherts2012,
abstract = {The authors argue that upon publication of a paper, the data should be made available through online archives or repositories. Reasons for not sharing data are discussed and contrasted with advantages of sharing, which include abiding by the scientific principle of openness, keeping the data for posterity, increasing one's impact, facilitation of secondary analyses and collaborations, prevention and correction of errors, and meeting funding agencies' increasingly stringent stipulations concerning the dissemination of data. Practicing what they preach, the authors include data as an online appendix to this editorial. These data are from a cohort of psychology freshmen who completed Raven's Advanced Progressive Matrices, tests of Numerical Ability, Number Series, Hidden Figures, Vocabulary, Verbal Analogies, and Logical Reasoning, two Big Five personality inventories, and scales for social desirability and impression management. Student's sex and grade point average (GPA) are also included. Data could be used to study predictive validity of cognitive ability tests, Extraversion, Neuroticism, Conscientiousness, Openness to Experience, Agreeableness, and the general factor of personality, as well as sex differences, differential prediction, and relations between personality and intelligence. ?? 2012 Elsevier Inc..},
author = {Wicherts, Jelte M. and Bakker, Marjan},
doi = {10.1016/j.intell.2012.01.004},
file = {http://bib.unthinkingdepths.fr/seb/pdf/Wicherts, Bakker_2012_Publish (your data) or (let the data) perish! Why not publish your data too.pdf},
issn = {01602896},
journal = {Intelligence},
keywords = {open access,open data,open science},
mendeley-tags = {open access,open data,open science},
number = {2},
pages = {73--76},
publisher = {Elsevier Inc.},
title = {{Publish (your data) or (let the data) perish! Why not publish your data too?}},
url = {http://dx.doi.org/10.1016/j.intell.2012.01.004},
volume = {40},
year = {2012}
}
@article{Hayden2013,
abstract = {Software experiment raises prospect of extra peer review.},
author = {Hayden, Erika Check},
doi = {10.1038/501472a},
file = {http://bib.unthinkingdepths.fr/seb/pdf/Hayden_2013_Mozilla plan seeks to debug scientific code.pdf},
issn = {1476-4687},
journal = {Nature},
keywords = {biology,replication,social sciences,tools},
mendeley-tags = {biology,replication,social sciences,tools},
pages = {472},
pmid = {24067690},
title = {{Mozilla plan seeks to debug scientific code.}},
url = {http://www.ncbi.nlm.nih.gov/pubmed/24067690},
volume = {501},
year = {2013}
}
@article{Collberg2014,
author = {Collberg, Christian and Proebsting, Todd and Moraila, Gina and Shi, Zuoming and Warren, Alex M},
file = {http://bib.unthinkingdepths.fr/seb/pdf/Collberg et al._2014_Measuring Reproducibility in Computer Systems Research.pdf},
keywords = {computer science,replication,scandal},
mendeley-tags = {computer science,replication,scandal},
pages = {1--37},
title = {{Measuring Reproducibility in Computer Systems Research}},
year = {2014}
}
@phdthesis{Stonedahl2011a,
author = {Stonedahl, Forrest J.},
file = {http://bib.unthinkingdepths.fr/seb/pdf/Stonedahl_2011_Genetic Algorithms for the Exploration of Parameter Spaces in Agent-Based Models.pdf},
keywords = {calibration,netlogo,platform,replication,social sciences,standardization,tools},
mendeley-tags = {calibration,netlogo,platform,replication,social sciences,standardization,tools},
number = {December},
pages = {394},
school = {Evanston, Illinois},
title = {{Genetic Algorithms for the Exploration of Parameter Spaces in Agent-Based Models}},
year = {2011}
}
@article{Axtell1996,
author = {Axtell, Robert and Axelrod, Robert and Epstein, Joshua M. and Cohen, Michael D.},
file = {http://bib.unthinkingdepths.fr/seb/pdf/Axtell et al._1996_Aligning simulation models A case study and results.pdf},
journal = {Computational and Mathematical Organization Theory},
keywords = {ABM,replication,social sciences},
mendeley-tags = {ABM,replication,social sciences},
number = {2},
pages = {123--141},
title = {{Aligning simulation models: A case study and results}},
url = {http://link.springer.com/article/10.1007/BF01299065},
volume = {1},
year = {1996}
}
@misc{Bartlett2012,
author = {Bartlett, Tom},
booktitle = {The Chronicle of Higher Education},
file = {http://bib.unthinkingdepths.fr/seb/pdf/Bartlett_2012_Is Psychology About to Come Undone.pdf},
keywords = {newspaper,psychology,scandal},
mendeley-tags = {newspaper,psychology,scandal},
title = {{Is Psychology About to Come Undone?}},
url = {https://chronicle.com/blogs/percolator/is-psychology-about-to-come-undone/29045},
urldate = {08 octobre 2014},
year = {2012}
}
@misc{Bradley2006,
author = {Bradley, Jean-Claude},
booktitle = {Drexel Coas E-Learning},
file = {http://bib.unthinkingdepths.fr/seb/pdf/Bradley_2006_Open Notebook Science.pdf},
keywords = {active papers,blog,definition},
mendeley-tags = {active papers,blog,definition},
pages = {9--11},
title = {{Open Notebook Science}},
url = {http://drexel-coas-elearning.blogspot.fr/2006/09/open-notebook-science.html},
urldate = {08 octobre 2014},
year = {2006}
}
@article{Jasny2011,
author = {Jasny, Barbara R and Chin, Gilbert and Chong, Lisa and Vignieri, Sacha},
doi = {10.1126/science.334.6060.1225},
issn = {1095-9203},
journal = {Science (New York, N.Y.)},
keywords = {biology,replication},
mendeley-tags = {biology,replication},
month = dec,
number = {6060},
pages = {1225},
pmid = {22144612},
title = {{Data replication & reproducibility. Again, and again, and again .... Introduction.}},
url = {http://www.ncbi.nlm.nih.gov/pubmed/22144612},
volume = {334},
year = {2011}
}
@misc{Millman2011,
author = {Millman, Jarrod},
file = {http://bib.unthinkingdepths.fr/seb/pdf/Millman_2011_The challenge of reproducible research in the computer age.pdf},
keywords = {computer science,open data,open science,replication},
mendeley-tags = {computer science,open data,open science,replication},
title = {{The challenge of reproducible research in the computer age}},
year = {2011}
}
@article{Bornmann2014,
archivePrefix = {arXiv},
arxivId = {arXiv:1402.4578v3},
author = {Bornmann, Lutz and Mutz, R"{u}diger},
eprint = {arXiv:1402.4578v3},
file = {http://bib.unthinkingdepths.fr/seb/pdf/Bornmann, Mutz_2014_Growth rates of modern science A bibliometric analysis based on the number of publications and cited references.pdf},
journal = {Journal of the Association for Information Science and Technology},
pages = {1--28},
title = {{Growth rates of modern science : A bibliometric analysis based on the number of publications and cited references}},
url = {http://arxiv.org/abs/1402.4578},
year = {2014}
}
@misc{Bruna2014,
author = {Bruna, Emilio M.},
booktitle = {biotropica.org},
file = {http://bib.unthinkingdepths.fr/seb/pdf/Bruna_2014_Reproducibility & Repeatability in Tropical Biology a call to repeat classic studies.pdf},
keywords = {biology,replication},
mendeley-tags = {biology,replication},
title = {{Reproducibility & Repeatability in Tropical Biology: a call to repeat classic studies}},
url = {http://biotropica.org/reproducibility-repeatability/},
urldate = {08 octobre 2014},
year = {2014}
}
@article{Carpenter2012,
author = {Carpenter, Siri},
doi = {10.1126/science.335.6076.1558},
file = {http://bib.unthinkingdepths.fr/seb/pdf/Carpenter_2012_Psychology's Bold Initiative.pdf},
isbn = {1095-9203 (Electronic)$backslash$r0036-8075 (Linking)},
issn = {0036-8075},
journal = {Science},
keywords = {open science,psychology,replication},
mendeley-tags = {open science,psychology,replication},
number = {March},
pages = {1558--1561},
pmid = {22461583},
publisher = {Science},
title = {{Psychology's Bold Initiative}},
volume = {335},
year = {2012}
}
@misc{Fidler2013,
author = {Fidler, Fiona and Gordon, Ascelin},
booktitle = {Phys.org},
file = {http://bib.unthinkingdepths.fr/seb/pdf/Fidler, Gordon_2013_Science is in a reproducibility crisis How do we resolve it.pdf},
keywords = {blog,open science,replication,scandal},
mendeley-tags = {blog,open science,replication,scandal},
title = {{Science is in a reproducibility crisis: How do we resolve it?}},
url = {http://phys.org/news/2013-09-science-crisis.html?utm_content=bufferde383&utm_source=buffer&utm_medium=twitter&utm_campaign=Buffer#ajTabs},
urldate = {08 octobre 2014},
year = {2013}
}
@article{Bik2013a,
abstract = {Online social media tools can be some of the most rewarding and informative resources for scientists-IF you know how to use them.},
author = {Bik, Holly M and Goldstein, Miriam C},
doi = {10.1371/journal.pbio.1001535},
file = {http://bib.unthinkingdepths.fr/seb/pdf/Bik, Goldstein_2013_An introduction to social media for scientists.pdf},
issn = {1545-7885},
journal = {PLoS biology},
keywords = {social media},
mendeley-tags = {social media},
month = apr,
number = {4},
pages = {e1001535},
pmid = {23630451},
title = {{An introduction to social media for scientists.}},
url = {http://www.ncbi.nlm.nih.gov/pubmed/23630451},
volume = {11},
year = {2013}
}
@misc{Remler2014,
author = {Remler, Dahlia},
booktitle = {blogs.lse.ac.uk},
file = {http://bib.unthinkingdepths.fr/seb/pdf//Remler_2014_Are 90prct of academic papers really never cited Reviewing the literature on academic citations.pdf},
keywords = {open science},
mendeley-tags = {open science},
title = {{Are 90prct of academic papers really never cited? Reviewing the literature on academic citations}},
url = {http://blogs.lse.ac.uk/impactofsocialsciences/2014/04/23/academic-papers-citation-rates-remler/},
year = {2014}
}
@article{Baumer2014,
archivePrefix = {arXiv},
arxivId = {arXiv:1402.1894v1},
author = {Baumer, Ben and Cetinkaya-rundel, Mine and Bray, Andrew and Loi, Linda and Horton, Nicholas J},
eprint = {arXiv:1402.1894v1},
file = {http://bib.unthinkingdepths.fr/seb/pdf/Baumer et al._2014_R Markdown Integrating A Reproducible Analysis Tool into Introductory Statistics †.pdf},
keywords = {R,replication,statistics,tools},
mendeley-tags = {R,replication,statistics,tools},
title = {{R Markdown: Integrating A Reproducible Analysis Tool into Introductory Statistics †}},
year = {2014}
}
@article{Ioannidis2005,
annote = {
        From Duplicate 1 ( 
        

        

        
          

        
        
          Why most published research findings are false.
        
        
          

        
        

        

         - Ioannidis, John P a )

          

        
        

        

        

        From Duplicate 2 ( 
        

        

        
          

        
        
          Why most published research findings are false.
        
        
          

        
        

        

         - Ioannidis, John P a )

          

        
        

        

        

        

        

        

        

        

        

        

        

        From Duplicate 3 ( 
        

        

        
          

        
        
          Why most published research findings are false.
        
        
          

        
        

        

         - Ioannidis, John P a )

          

        
        

        

        

        From Duplicate 2 ( 
        

        

        
          

        
        
          Why most published research findings are false.
        
        
          

        
        

        

         - Ioannidis, John P a )

          

        
        

        

        

        

        

        

        

        

        

        

        

      },
author = {Ioannidis, John P a},
doi = {10.1371/journal.pmed.0020124},
file = {http://bib.unthinkingdepths.fr/seb/pdf/Ioannidis_2005_Why most published research findings are false.pdf},
issn = {1549-1676},
journal = {PLoS medicine},
keywords = {biology,medecine,replication,scandal},
mendeley-tags = {biology,medecine,replication,scandal},
month = aug,
number = {8},
pages = {e124},
pmid = {16060722},
title = {{Why most published research findings are false.}},
url = {http://www.pubmedcentral.nih.gov/articlerender.fcgi?artid=1182327&tool=pmcentrez&rendertype=abstract},
volume = {2},
year = {2005}
}
@article{Schmitt2015,
author = {Schmitt, Clara and Rey-Coyrehourcq, S'{e}bastien and Reuillon, Romain and Pumain, Denise},
file = {http://bib.unthinkingdepths.fr/seb/pdf/Schmitt et al._2015_Half a billion simulations Evolutionary algorithms and distributed computing for calibrating the SimpopLocal geograp.pdf},
journal = {Environment and Planning B: Planning and Design},
keywords = {ABM,calibration,netlogo,openmole,social sciences,standardization,validation},
mendeley-tags = {ABM,calibration,netlogo,openmole,social sciences,standardization,validation},
title = {{Half a billion simulations: Evolutionary algorithms and distributed computing for calibrating the SimpopLocal geographical model (preprint)}},
year = {2015}
}
@misc{Murray2010,
author = {Murray-Rust, Peter and Neylon, Cameron and Pollock, Rufus and Wilbanks, John},
booktitle = {PantonPrinciple.org},
file = {http://bib.unthinkingdepths.fr/seb/pdf/Murray-Rust et al._2010_Panton Principles, Principles for open data in science.pdf},
keywords = {definition,manifeste,open access,open data,open science,replication},
mendeley-tags = {definition,manifeste,open access,open data,open science,replication},
title = {{Panton Principles, Principles for open data in science}},
url = {http://pantonprinciples.org/},
urldate = {08 octobre 2014},
year = {2010}
}
@article{Eglen2014,
author = {Eglen, Stephen and Weeks, Michael and Jessop, Mark and Simonotto, Jennifer and Jackson, Tom and Sernagor, Evelyne},
doi = {10.1186/2047-217X-3-3},
file = {http://bib.unthinkingdepths.fr/seb/pdf/Eglen et al._2014_A data repository and analysis framework for spontaneous neural activity recordings in developing retina.pdf},
issn = {2047-217X},
journal = {GigaScience},
keywords = {carmen,hdf5,neuroscience,replication,virtual laboratory},
mendeley-tags = {carmen,hdf5,neuroscience,replication,virtual laboratory},
pages = {3},
pmid = {24666584},
title = {{A data repository and analysis framework for spontaneous neural activity recordings in developing retina}},
url = {http://www.gigasciencejournal.com/content/3/1/3},
volume = {3},
year = {2014}
}
@misc{RStudioInc.2014,
author = {{RStudio Inc.}},
booktitle = {rmarkdown.rstudio.com},
file = {http://bib.unthinkingdepths.fr/seb/pdf/RStudio Inc._2014_R Markdown — Dynamic Documents for R.pdf},
keywords = {KnitR,R,Rstudio,active papers,markdown,pandoc,replication,shiny,tools},
mendeley-tags = {KnitR,R,Rstudio,active papers,markdown,pandoc,replication,shiny,tools},
title = {{R Markdown — Dynamic Documents for R}},
url = {http://rmarkdown.rstudio.com/},
urldate = {08 octobre 2014},
year = {2014}
}
@article{Peng2011,
author = {Peng, Roger D},
doi = {10.1126/science.1213847},
file = {http://bib.unthinkingdepths.fr/seb/pdf/Peng_2011_Reproducible research in computational science.pdf},
issn = {1095-9203},
journal = {Science (New York, N.Y.)},
keywords = {biology,computer science,medecine,replication},
mendeley-tags = {biology,computer science,medecine,replication},
month = dec,
number = {6060},
pages = {1226--7},
pmid = {22144613},
publisher = {Nature},
title = {{Reproducible research in computational science.}},
url = {http://www.pubmedcentral.nih.gov/articlerender.fcgi?artid=3383002&tool=pmcentrez&rendertype=abstract},
volume = {334},
year = {2011}
}
@article{Simmons2011,
archivePrefix = {arXiv},
arxivId = {2021},
author = {Simmons, Joseph P. and Nelson, Leif D. and Simonsohn, Uri},
doi = {10.1177/0956797611417632},
eprint = {2021},
file = {http://bib.unthinkingdepths.fr/seb/pdf/Simmons, Nelson, Simonsohn_2011_False-positive psychology undisclosed flexibility in data collection and analysis allows presenting anyt.pdf},
isbn = {1467-9280 (Electronic)$backslash$n0956-7976 (Linking)},
issn = {1467-9280},
journal = {Psychological science},
keywords = {open access,open data,psychology,replication,scandal},
mendeley-tags = {open access,open data,psychology,replication,scandal},
month = nov,
number = {11},
pages = {1359--66},
pmid = {22006061},
title = {{False-positive psychology: undisclosed flexibility in data collection and analysis allows presenting anything as significant.}},
url = {http://www.ncbi.nlm.nih.gov/pubmed/22006061},
volume = {22},
year = {2011}
}
@article{Stodden2012b,
author = {Stodden, Victoria C. and Hurlin, Christophe and P'{e}rignon, Christophe},
doi = {10.1109/eScience.2012.6404455},
file = {http://bib.unthinkingdepths.fr/seb/pdf/Stodden, Hurlin, P'{e}rignon_2012_RunMyCode.org A novel dissemination and collaboration platform for executing published computational res.pdf},
isbn = {9781467344678},
issn = {1556-5068},
journal = {2012 IEEE 8th International Conference on E-Science, e-Science 2012},
keywords = {active papers,code sharing,dissemination platform,open science,platform,replication,tools},
mendeley-tags = {active papers,code sharing,dissemination platform,open science,platform,replication,tools},
title = {{RunMyCode.org: A novel dissemination and collaboration platform for executing published computational results}},
url = {http://papers.ssrn.com/sol3/papers.cfm?abstract_id=2147710},
year = {2012}
}
@article{Leisch2002,
author = {Leisch, F},
doi = {10.1.1.20.2737},
file = {http://bib.unthinkingdepths.fr/seb/pdf/Leisch_2002_Sweave Dynamic Generation of Statistical Reports Using Literate Data Analysis.pdf},
isbn = {3-7908-1517-9},
journal = {COMPSTAT 2002 Proceedings in Computational Statistics},
keywords = {Sweave,active papers,replication,statistics},
mendeley-tags = {Sweave,active papers,replication,statistics},
number = {69},
pages = {575--580},
title = {{Sweave: Dynamic Generation of Statistical Reports Using Literate Data Analysis}},
url = {http://www.stat.uni-muenchen.de/~leisch/Sweave},
year = {2002}
}
@article{Turner2013,
annote = {        From Duplicate 2 (                           Stop Hosting Data and Code on your Lab Website                         - Turner, Stephen )
                
        
        
      },
author = {Turner, Stephen},
doi = {10.6084/m9.figshare.105125},
file = {http://bib.unthinkingdepths.fr/seb/pdf/Turner_2013_Stop Hosting Data and Code on your Lab Website.pdf},
keywords = {replication,scandal,tools},
mendeley-tags = {replication,scandal,tools},
month = jan,
title = {{Stop Hosting Data and Code on your Lab Website}},
url = {http://figshare.com/articles/Stop_Hosting_Data_and_Code_on_your_Lab_Website/105125},
year = {2013}
}
@misc{Kaitlin2014,
author = {Thaney, Kaitlin},
booktitle = {Mozilla Science},
file = {http://bib.unthinkingdepths.fr/seb/pdf/Thaney_2014_Code as a research object updates, prototypes, next steps.pdf},
keywords = {blog,open science,replication},
mendeley-tags = {blog,open science,replication},
title = {{Code as a research object: updates, prototypes, next steps}},
url = {http://mozillascience.org/code-as-a-research-object-updates-prototypes-next-steps/},
urldate = {08 octobre 2014},
year = {2014}
}
@misc{TheEconomist2013,
author = {{The Economist}},
booktitle = {The Economist},
file = {http://bib.unthinkingdepths.fr/seb/pdf/The Economist_2013_How science goes wrong.pdf},
keywords = {newspaper,scandal},
mendeley-tags = {newspaper,scandal},
pages = {8--10},
title = {{How science goes wrong}},
url = {http://www.economist.com/news/leaders/21588069-scientific-research-has-changed-world-now-it-needs-change-itself-how-science-goes-wrong},
urldate = {08 octobre 2014},
year = {2013}
}
@misc{Scott2014,
author = {Scott, Jason},
booktitle = {newschallenge.org},
file = {http://bib.unthinkingdepths.fr/seb/pdf/Scott_Unknown_Making Historic Software Eternal.pdf},
keywords = {blog,emulator,jsmess,replication,tools},
mendeley-tags = {blog,emulator,jsmess,replication,tools},
title = {{Making Historic Software Eternal}},
url = {https://www.newschallenge.org/challenge/libraries/submissions/making-historic-software-eternal},
urldate = {20 octobre 2014}
}
@article{Barnes2010,
abstract = {Nature - the world's best science and medicine on your desktop},
author = {Barnes, Nick},
doi = {10.1038/467753a},
file = {http://bib.unthinkingdepths.fr/seb/pdf/Barnes_2010_Publish your computer code it is good enough.pdf},
isbn = {1476-4687 (Electronic)$backslash$r0028-0836 (Linking)},
issn = {0028-0836},
journal = {Nature},
keywords = {replication},
mendeley-tags = {replication},
pages = {753},
pmid = {20944687},
title = {{Publish your computer code: it is good enough.}},
volume = {467},
year = {2010}
}
@article{Gent2013,
archivePrefix = {arXiv},
arxivId = {arXiv:1304.3674v1},
author = {Gent, Ip Ian P},
eprint = {arXiv:1304.3674v1},
file = {http://bib.unthinkingdepths.fr/seb/pdf/Gent_2013_The recomputation manifesto.pdf},
journal = {arXiv preprint arXiv:1304.3674},
keywords = {computer science,manifeste,replication,tools},
mendeley-tags = {computer science,manifeste,replication,tools},
number = {April},
pages = {1--6},
title = {{The recomputation manifesto}},
url = {http://arxiv.org/abs/1304.3674},
year = {2013}
}
@article{Talia2013,
author = {Talia, Domenico},
doi = {10.1155/2013/404525},
file = {http://bib.unthinkingdepths.fr/seb/pdf/Talia_2013_Workflow Systems for Science Concepts and Tools.pdf},
issn = {2090-7680},
journal = {ISRN Software Engineering},
keywords = {platform,replication,tools},
mendeley-tags = {platform,replication,tools},
pages = {1--15},
title = {{Workflow Systems for Science: Concepts and Tools}},
url = {http://www.hindawi.com/isrn/software.engineering/aip/404525/ http://www.hindawi.com/journals/isrn.software.engineering/2013/404525/},
volume = {2013},
year = {2013}
}
@article{Liu2011,
author = {Liu, Frank C. S.},
doi = {10.1142/S1793005711002050},
file = {http://bib.unthinkingdepths.fr/seb/pdf/Liu_2011_Validation and Agent-Based Modeling a Practice of Contrasting Simulation Results With Empirical Data.pdf},
issn = {1793-0057},
journal = {New Mathematics and Natural Computation},
keywords = {ABM,replication,validation},
mendeley-tags = {ABM,replication,validation},
number = {3},
pages = {515--542},
title = {{Validation and Agent-Based Modeling: a Practice of Contrasting Simulation Results With Empirical Data}},
volume = {07},
year = {2011}
}
@incollection{Stonedahl2011,
address = {Berlin, Heidelberg},
author = {Stonedahl, Forrest and Wilensky, Uri},
booktitle = {Multi-Agent-Based Simulation XI},
doi = {10.1007/978-3-642-18345-4},
editor = {Bosse, Tibor and Geller, Armando and Jonker, Catholijn M.},
file = {http://bib.unthinkingdepths.fr/seb/pdf/Stonedahl, Wilensky_2011_Finding Forms of Flocking Evolutionary Search in ABM Parameter-Spaces.pdf},
isbn = {978-3-642-18344-7},
keywords = {ABM,netlogo,replication,social sciences,standardization},
mendeley-tags = {ABM,netlogo,replication,social sciences,standardization},
pages = {61--75},
publisher = {Springer Berlin Heidelberg},
series = {Lecture Notes in Computer Science},
title = {{Finding Forms of Flocking: Evolutionary Search in ABM Parameter-Spaces}},
url = {http://www.springerlink.com/index/10.1007/978-3-642-18345-4},
volume = {6532},
year = {2011}
}
@article{Axelrod2003,
author = {Axelrod, Robert},
file = {http://bib.unthinkingdepths.fr/seb/pdf/Axelrod_2003_Advancing the Art of Simulation in the Social Sciences Robert Axelrod.pdf},
journal = {Japanese Journal for Management Information Systems},
keywords = {ABM,replication,social sciences,validation},
mendeley-tags = {ABM,replication,social sciences,validation},
pages = {1--19},
title = {{Advancing the Art of Simulation in the Social Sciences}},
year = {2003}
}
@article{Ram2013a,
author = {Ram, Karthik},
doi = {10.1186/1751-0473-8-7},
file = {http://bib.unthinkingdepths.fr/seb/pdf//Ram_2013_Git can facilitate greater reproducibility and increased transparency in science.pdf},
issn = {1751-0473},
journal = {Source code for biology and medicine},
keywords = {biology,git,medecine,open science,replication,tools},
mendeley-tags = {biology,git,medecine,open science,replication,tools},
pages = {7},
pmid = {23448176},
title = {{Git can facilitate greater reproducibility and increased transparency in science.}},
url = {http://www.pubmedcentral.nih.gov/articlerender.fcgi?artid=3639880&tool=pmcentrez&rendertype=abstract},
volume = {8},
year = {2013}
}
@article{Schwab2000,
author = {Schwab, Matthias and Karrenbach, Martin and Claerbout, Jon F},
file = {http://bib.unthinkingdepths.fr/seb/pdf/Schwab, Karrenbach, Claerbout_2000_Making scientific computations reproducible.pdf},
journal = {Computing in Science & Engineering},
keywords = {active papers,open access,open science,replication},
mendeley-tags = {active papers,open access,open science,replication},
pages = {61--67},
title = {{Making scientific computations reproducible}},
url = {http://scitation.aip.org/content/aip/journal/cise/2/6/10.1109/5992.881708},
volume = {2},
year = {2000}
}
@article{Matters2010,
author = {Stodden, Victoria C.},
doi = {10.1109/MCSE.2010.113},
file = {http://bib.unthinkingdepths.fr/seb/pdf/Stodden_2010_Reproducible Research Addressing the Need for Data and Code Sharing in Computational Science.pdf},
issn = {1521-9615},
journal = {Computing in Science & Engineering},
keywords = {code sharing,open science,replication,statistics},
mendeley-tags = {code sharing,open science,replication,statistics},
month = sep,
number = {5},
pages = {8--13},
title = {{Reproducible Research: Addressing the Need for Data and Code Sharing in Computational Science}},
url = {http://hdl.handle.net/10022/AC:P:11418 http://ieeexplore.ieee.org/lpdocs/epic03/wrapper.htm?arnumber=5562471},
volume = {12},
year = {2010}
}
@misc{Xie2013a,
author = {Xie, Yihui},
booktitle = {Yihui.Name},
file = {http://bib.unthinkingdepths.fr/seb/pdf/Xie_2013_knitr Elegant, flexible and fast dynamic report generation with R knitr.pdf},
isbn = {1482203537},
keywords = {R,active papers,blog,replication,tools},
mendeley-tags = {R,active papers,blog,replication,tools},
title = {{knitr: Elegant, flexible and fast dynamic report generation with R | knitr}},
url = {http://yihui.name/knitr/},
urldate = {08 octobre 2014},
year = {2013}
}
@misc{Gentleman2011a,
author = {Gentleman, Robert},
file = {http://bib.unthinkingdepths.fr/seb/pdf/Gentleman_2011_Reproducible research.pdf},
issn = {1468-4357},
keywords = {replication},
mendeley-tags = {replication},
month = jul,
title = {{Reproducible research}},
url = {http://www.stanford.edu/~vcs/AAAS2011/},
year = {2011}
}
@article{Augusiak2014,
author = {Augusiak, Jacqueline and {Van den Brink}, Paul J. and Grimm, Volker},
doi = {10.1016/j.ecolmodel.2013.11.009},
file = {http://bib.unthinkingdepths.fr/seb/pdf/Augusiak, Van den Brink, Grimm_2014_Merging validation and evaluation of ecological models to 'evaludation' A review of terminology and.pdf},
issn = {03043800},
journal = {Ecological Modelling},
keywords = {ecology,octobre,replication,terminology,validation},
mendeley-tags = {ecology,octobre,replication,terminology,validation},
pages = {117--128},
publisher = {Elsevier B.V.},
title = {{Merging validation and evaluation of ecological models to 'evaludation': A review of terminology and a practical approach}},
url = {http://dx.doi.org/10.1016/j.ecolmodel.2013.11.009},
volume = {280},
year = {2014}
}
@misc{Wikipedia,
author = {Wikipedia},
booktitle = {Wikipedia},
file = {http://bib.unthinkingdepths.fr/seb/pdf/Wikipedia_Unknown_Open notebook science.pdf},
keywords = {active papers,definition,open science},
mendeley-tags = {active papers,definition,open science},
title = {{Open notebook science}},
url = {http://en.wikipedia.org/wiki/Open_notebook_science Open}
}
@misc{Kahneman2012,
author = {Kahneman, Daniel},
file = {http://bib.unthinkingdepths.fr/seb/pdf/Kahneman_2012_A proposal to deal with questions about priming effects.pdf},
keywords = {psychology,replication,scandal},
mendeley-tags = {psychology,replication,scandal},
pages = {2},
title = {{A proposal to deal with questions about priming effects}},
year = {2012}
}
@article{Yong2012,
abstract = {In the wake of high-profile controversies, psychologists are facing up to problems with replication.},
author = {Yong, Ed},
doi = {10.1038/485298a},
file = {http://bib.unthinkingdepths.fr/seb/pdf/Yong_2012_Replication studies Bad copy.pdf},
isbn = {00280836},
issn = {0028-0836},
journal = {Nature},
keywords = {psychology,publication bias,replication,scandal,social sciences},
mendeley-tags = {psychology,publication bias,replication,scandal,social sciences},
pages = {298--300},
pmid = {22596136},
publisher = {Nature},
title = {{Replication studies: Bad copy}},
volume = {485},
year = {2012}
}
@article{Edmonds2003,
author = {Edmonds, Bruce and Hales, David},
file = {http://bib.unthinkingdepths.fr/seb/pdf/Edmonds, Hales_2003_Replication, Replication and Replication Some Hard Lessons from Model Alignment.pdf},
keywords = {ABM,replication,social sciences,sociology},
mendeley-tags = {ABM,replication,social sciences,sociology},
number = {4},
title = {{Replication, Replication and Replication: Some Hard Lessons from Model Alignment}},
volume = {6},
year = {2003}
}
@misc{Wilbanks2009,
author = {Wilbanks, John},
booktitle = {science blogs},
file = {http://bib.unthinkingdepths.fr/seb/pdf/Wilbanks_2009_Open Source Science Or Distributed Science.pdf},
keywords = {blog,open science},
mendeley-tags = {blog,open science},
title = {{Open Source Science? Or Distributed Science?}},
url = {http://scienceblogs.com/commonknowledge/2009/10/open_source_science_or_distrib.php},
urldate = {08 octobre 2014},
year = {2009}
}
@article{Barnes2011,
author = {Barnes, Nick},
file = {http://bib.unthinkingdepths.fr/seb/pdf/Barnes_2011_Science Code Manifesto.pdf},
journal = {Society},
keywords = {manifeste,replication},
mendeley-tags = {manifeste,replication},
pages = {1--3},
title = {{Science Code Manifesto}},
year = {2011}
}
@misc{Thaney2013,
author = {Thaney, Kaitlin},
booktitle = {Mozilla Science},
file = {http://bib.unthinkingdepths.fr/seb/pdf/Thaney_2013_Code as a research object a new project.pdf},
keywords = {blog,open science,replication},
mendeley-tags = {blog,open science,replication},
title = {{Code as a research object: a new project}},
url = {http://mozillascience.org/code-as-a-research-object-a-new-project/},
urldate = {08 octobre 2014},
year = {2013}
}
@misc{Leek2014,
author = {Leek, Jeff},
booktitle = {simplystatistics},
file = {http://bib.unthinkingdepths.fr/seb/pdf/Leek_2014_Piketty in R markdown - we need some help from the crowd.pdf},
keywords = {blog,economy,open access,open data,open science,replication},
mendeley-tags = {blog,economy,open access,open data,open science,replication},
title = {{Piketty in R markdown - we need some help from the crowd}},
url = {http://simplystatistics.org/2014/06/30/piketty-in-r-markdown-we-need-some-help-from-the-crowd/},
urldate = {20 octobre 2014},
year = {2014}
}
@article{Callaway2012a,
author = {Callaway, Ewen},
doi = {10.1038/488019a},
file = {http://bib.unthinkingdepths.fr/seb/pdf/Callaway_2012_Geneticists eye the potential of arXiv.pdf},
issn = {1476-4687},
journal = {Nature},
keywords = {dissemination platform,open access,open science},
mendeley-tags = {dissemination platform,open access,open science},
month = aug,
number = {7409},
pages = {19},
pmid = {22859182},
title = {{Geneticists eye the potential of arXiv.}},
url = {http://www.ncbi.nlm.nih.gov/pubmed/22859182},
volume = {488},
year = {2012}
}
@misc{Economist2013,
author = {{The Economist}},
booktitle = {The Economist},
file = {http://bib.unthinkingdepths.fr/seb/pdf/The Economist_2013_Trouble at the lab.pdf},
keywords = {newspaper,psychology,replication,scandal},
mendeley-tags = {newspaper,psychology,replication,scandal},
title = {{Trouble at the lab}},
url = {http://www.economist.com/news/briefing/21588057-scientists-think-science-self-correcting-alarming-degree-it-not-trouble},
urldate = {08/10/14},
year = {2013}
}
@article{Hales2003,
author = {Hales, David and Rouchier, Juliette and Edmonds, Bruce},
file = {http://bib.unthinkingdepths.fr/seb/pdf/Hales, Rouchier, Edmonds_2003_Model-to-Model Analysis.pdf},
journal = {Journal of Artificial Societies and Social Simulation},
keywords = {ABM,replication,social sciences,standardization},
mendeley-tags = {ABM,replication,social sciences,standardization},
number = {4},
pages = {6--8},
title = {{Model-to-Model Analysis}},
volume = {6},
year = {2003}
}
@article{Vasilevsky2013,
author = {Vasilevsky, Nicole a and Brush, Matthew H and Paddock, Holly and Ponting, Laura and Tripathy, Shreejoy J and Larocca, Gregory M and Haendel, Melissa a},
doi = {10.7717/peerj.148},
file = {http://bib.unthinkingdepths.fr/seb/pdf/Vasilevsky et al._2013_On the reproducibility of science unique identification of research resources in the biomedical literature.pdf},
issn = {2167-8359},
journal = {PeerJ},
keywords = {replication,tools},
mendeley-tags = {replication,tools},
month = jan,
pages = {e148},
pmid = {24032093},
title = {{On the reproducibility of science: unique identification of research resources in the biomedical literature.}},
url = {http://www.pubmedcentral.nih.gov/articlerender.fcgi?artid=3771067&tool=pmcentrez&rendertype=abstract},
volume = {1},
year = {2013}
}
@article{Gentzkow2014,
author = {Gentzkow, Matthew and Shapiro, Jesse M and Booth, Chicago},
file = {http://bib.unthinkingdepths.fr/seb/pdf/Gentzkow, Shapiro, Booth_2014_Code and Data for the Social Sciences A Practitioner ’s Guide.pdf},
keywords = {code sharing,git,guide,replication,social sciences},
mendeley-tags = {code sharing,git,guide,replication,social sciences},
title = {{Code and Data for the Social Sciences : A Practitioner ’s Guide}},
year = {2014}
}
@article{Nosek2014,
abstract = {Editorial},
author = {Nosek, Brian a. and Lakens, Dani"{e}l},
doi = {10.1027/1864-9335/a000192},
file = {http://bib.unthinkingdepths.fr/seb/pdf/Nosek, Lakens_2014_Registered reports A method to increase the credibility of published results.pdf},
issn = {21512590},
journal = {Social Psychology},
keywords = {credibility,open science,psychology,replication,scandal,tools},
mendeley-tags = {credibility,open science,psychology,replication,scandal,tools},
number = {3},
pages = {137--141},
title = {{Registered reports: A method to increase the credibility of published results}},
volume = {45},
year = {2014}
}
@techreport{EUCommission2012,
author = {{European Commission}},
file = {http://bib.unthinkingdepths.fr/seb/pdf/European Commission_2012_Recommandation de la commission relative `{a} l'acc`{e}s aux informations scientifiques et `{a} leur conservation.pdf},
keywords = {manifeste,open data},
mendeley-tags = {manifeste,open data},
title = {{Recommandation de la commission relative `{a} l'acc`{e}s aux informations scientifiques et `{a} leur conservation}},
year = {2012}
}
@inproceedings{Olaru2009,
address = {Cairns, Australia},
author = {Olaru, D. and S., Purchase and S., Denize},
booktitle = {18th World IMACS / MODSIM Congress},
file = {http://bib.unthinkingdepths.fr/seb/pdf/Olaru, S., S._2009_Using dockingreplication to verify and validate computational models.pdf},
keywords = {ABM,replication,social sciences,validation},
mendeley-tags = {ABM,replication,social sciences,validation},
number = {July},
pages = {4432--4438},
title = {{Using docking/replication to verify and validate computational models}},
year = {2009}
}
@unpublished{Gentleman2004,
author = {Gentleman, Robert and Lang, Duncan Temple},
file = {http://bib.unthinkingdepths.fr/seb/pdf/Gentleman, Lang_2004_Statistical Analyses and Reproducible Research.pdf},
keywords = {replication,statistics},
mendeley-tags = {replication,statistics},
title = {{Statistical Analyses and Reproducible Research}},
url = {http://biostats.bepress.com/bioconductor/paper2},
year = {2004}
}
@article{Jaeger2005,
annote = {        From Duplicate 2 (                           Scientific Workflow Management and the Kepler System ∗                         - Jaeger, Efrat; Altintas, Ilkay; Berkley, Chad; Tao, Jing; Higgins, Dan; Zhao, Yang; Jones, Matthew; Lee, Edward A )
                
        
        
      },
author = {Jaeger, Efrat and Altintas, Ilkay and Berkley, Chad and Tao, Jing and Higgins, Dan and Zhao, Yang and Jones, Matthew and Lee, Edward A},
file = {http://bib.unthinkingdepths.fr/seb/pdf/Jaeger et al._2005_Scientific Workflow Management and the Kepler System ∗.pdf},
keywords = {container,replication,tools},
mendeley-tags = {container,replication,tools},
pages = {1--19},
title = {{Scientific Workflow Management and the Kepler System ∗}},
volume = {0078296},
year = {2005}
}
@article{Hinsen2011,
author = {Hinsen, Konrad},
doi = {10.1016/j.procs.2011.04.061},
file = {http://bib.unthinkingdepths.fr/seb/pdf/Hinsen_2011_A data and code model for reproducible research and executable papers.pdf},
keywords = {active papers,replication,tools},
mendeley-tags = {active papers,replication,tools},
pages = {579--588},
title = {{A data and code model for reproducible research and executable papers}},
volume = {4},
year = {2011}
}
@misc{Write4Research,
author = {Write4Research},
booktitle = {Write4Research},
file = {http://bib.unthinkingdepths.fr/seb/pdf/Write4Research_2014_Shorter, better, faster, free.pdf},
keywords = {academic,blog,open science},
mendeley-tags = {academic,blog,open science},
title = {{Shorter, better, faster, free}},
url = {https://medium.com/advice-and-help-in-authoring-a-phd-or-non-fiction/shorter-better-faster-free-fb74bddaec03},
urldate = {20 octobre 2014},
year = {2014}
}
@misc{Meyer2014,
author = {Meyer, Michelle N and Chabris, Christopher},
booktitle = {Slate},
file = {http://bib.unthinkingdepths.fr/seb/pdf/Meyer, Chabris_2014_Why psychologists' food fight matters.pdf},
keywords = {newspaper,psychology,scandal},
mendeley-tags = {newspaper,psychology,scandal},
title = {{Why psychologists' food fight matters}},
url = {http://www.slate.com/articles/health_and_science/science/2014/07/replication_controversy_in_psychology_bullying_file_drawer_effect_blog_posts.single.html},
urldate = {08 octobre 2014},
year = {2014}
}
@incollection{Amblard2006,
address = {Londres},
author = {Amblard, Fr'{e}d'{e}ric and Rouchier, Juliette and Bommel, Pierre},
booktitle = {Mod'{e}lisation et simulation multi-agents, applications pour les sciences de l’Homme et de la soci'{e}t'{e}},
editor = {Amblard, Fr'{e}d'{e}ric and Phan, Denis},
file = {http://bib.unthinkingdepths.fr/seb/pdf/Amblard, Rouchier, Bommel_2006_'{E}valuation et validation de mod`{e}les multi-agents.pdf},
keywords = {ABM,replication,validation},
mendeley-tags = {ABM,replication,validation},
pages = {103--120},
publisher = {Herm`{e}s Science},
title = {{'{E}valuation et validation de mod`{e}les multi-agents}},
url = {http://publications.cirad.fr/une_notice.php?dk=534288},
year = {2006}
}
@article{Parr2007,
author = {Parr, Cynthia Sims},
doi = {10.1641/B570402},
file = {http://bib.unthinkingdepths.fr/seb/pdf//Parr_2007_Open Sourcing Ecological Data.pdf},
isbn = {0006-3568},
issn = {0006-3568},
journal = {BioScience},
keywords = {ecology,open access,open data,open science},
mendeley-tags = {ecology,open access,open data,open science},
number = {4},
pages = {309},
title = {{Open Sourcing Ecological Data}},
url = {http://bioscience.oxfordjournals.org/cgi/doi/10.1641/B570402},
volume = {57},
year = {2007}
}
@article{Goecks2010,
author = {Goecks, Jeremy and Nekrutenko, Anton and Taylor, James},
doi = {10.1186/gb-2010-11-8-r86},
file = {http://bib.unthinkingdepths.fr/seb/pdf/Goecks, Nekrutenko, Taylor_2010_Galaxy a comprehensive approach for supporting accessible, reproducible, and transparent computational r.pdf},
isbn = {1465-6914 (Electronic)$backslash$r1465-6906 (Linking)},
issn = {1465-6906},
journal = {Genome biology},
keywords = {container,replication,tools},
mendeley-tags = {container,replication,tools},
pages = {R86},
pmid = {20738864},
title = {{Galaxy: a comprehensive approach for supporting accessible, reproducible, and transparent computational research in the life sciences.}},
volume = {11},
year = {2010}
}
@article{Heath2009,
author = {Heath, Brian and Hill, Raymond},
file = {http://bib.unthinkingdepths.fr/seb/pdf/Heath, Hill_2009_A Survey of Agent-Based Modeling Practices (January 1998 to July 2008)(2).pdf},
journal = {Journal of Artificial Societies and Social Simulation},
keywords = {ABM,survey,validation},
mendeley-tags = {ABM,survey,validation},
number = {4},
pages = {1--49},
title = {{A Survey of Agent-Based Modeling Practices (January 1998 to July 2008)}},
url = {http://jasss.soc.surrey.ac.uk/12/4/9.html},
volume = {12},
year = {2009}
}
@misc{NSF2014,
author = {NSF},
booktitle = {nsf.gov},
file = {http://bib.unthinkingdepths.fr/seb/pdf/NSF_2014_Supporting Scientific Discovery through Norms and Practices for Software and Data Citation and Attribution.pdf},
keywords = {manifeste,nsf,open access,open science},
mendeley-tags = {manifeste,nsf,open access,open science},
pages = {1--4},
title = {{Supporting Scientific Discovery through Norms and Practices for Software and Data Citation and Attribution}},
url = {http://www.nsf.gov/pubs/2014/nsf14059/nsf14059.jsp},
urldate = {08 octobre 2014},
year = {2014}
}
@misc{OpenKnowledge,
author = {{Open Knowledge}},
booktitle = {Distribution},
file = {http://bib.unthinkingdepths.fr/seb/pdf/Open Knowledge_Unknown_Open Definition.pdf},
keywords = {definition,open access,open data,open science},
mendeley-tags = {definition,open access,open data,open science},
title = {{Open Definition}},
url = {http://opendefinition.org/okd/},
urldate = {08 octobre 2014}
}
@misc{Strasser2014,
author = {Strasser, Carly},
booktitle = {datapub.cdlib.or},
file = {http://bib.unthinkingdepths.fr/seb/pdf/Strasser_2014_Lit Review #PLOSFail and Data Sharing Drama.pdf},
keywords = {blog,open data,open science,scandal},
mendeley-tags = {blog,open data,open science,scandal},
title = {{Lit Review: #PLOSFail and Data Sharing Drama}},
url = {http://datapub.cdlib.org/2014/03/13/lit-review-plosfail-and-data-sharing-drama/},
year = {2014}
}
@article{Abbott2013,
annote = {        From Duplicate 2 (                           Disputed results a fresh blow for social psychology.                         - Abbott, Alison )
                
        
        
      },
author = {Abbott, Alison},
doi = {10.1038/497016a},
issn = {1476-4687},
journal = {Nature},
keywords = {psychology,replication,scandal},
mendeley-tags = {psychology,replication,scandal},
month = may,
number = {7447},
pages = {16},
pmid = {23636371},
title = {{Disputed results a fresh blow for social psychology.}},
url = {http://www.ncbi.nlm.nih.gov/pubmed/23636371},
volume = {497},
year = {2013}
}
@book{Xie2013,
author = {Xie, Yihui},
editor = {Xie, Yihui},
isbn = {9781482203530},
keywords = {KnitR,R,Tools,active papers},
mendeley-tags = {KnitR,R,Tools,active papers},
pages = {216},
publisher = {CRC Press},
title = {{Dynamic Documents with R and knitr}},
url = {http://www.crcpress.com/product/isbn/9781482203530},
year = {2013}
}
@article{Peplow2014,
author = {Peplow, Mark},
doi = {10.1038/nature.2014.15787},
file = {http://bib.unthinkingdepths.fr/seb/pdf/Peplow_2014_Social sciences suffer from severe publication bias.pdf},
issn = {1476-4687},
journal = {Nature},
keywords = {publication bias,scandal,social sciences},
mendeley-tags = {publication bias,scandal,social sciences},
month = aug,
publisher = {Nature},
title = {{Social sciences suffer from severe publication bias}},
url = {http://www.nature.com/doifinder/10.1038/nature.2014.15787},
year = {2014}
}
@article{Gentleman2007,
author = {Gentleman, Robert and Lang, Duncan Temple},
file = {http://bib.unthinkingdepths.fr/seb/pdf/Gentleman, Lang_2007_Analyses and Reproducible Research.pdf},
journal = {Journal of Computational and Graphical Statistics},
keywords = {replication},
mendeley-tags = {replication},
number = {1},
pages = {1--23},
publisher = {Taylor & Francis},
title = {{Analyses and Reproducible Research}},
url = {http://www.jstor.org/stable/27594227 .},
volume = {16},
year = {2007}
}
@unpublished{Innovation2013,
author = {and Innovation, The EU framework Programme for Research},
file = {http://bib.unthinkingdepths.fr/seb/pdf/Innovation_2013_Guidelines on Open Access to Scientific Publications and Research Data in Horizon 2020.pdf},
keywords = {europe,manifeste,open access,open data,open science},
mendeley-tags = {europe,manifeste,open access,open data,open science},
number = {December},
pages = {1--14},
title = {{Guidelines on Open Access to Scientific Publications and Research Data in Horizon 2020}},
year = {2013}
}
@article{Jasny2011a,
author = {Jasny, Br and Chin, G and Chong, L},
file = {http://bib.unthinkingdepths.fr/seb/pdf/Jasny, Chin, Chong_2011_Again , and Again , and Again ldots.pdf},
journal = {Science},
keywords = {biology,replication},
mendeley-tags = {biology,replication},
number = {December},
pages = {2011},
title = {{Again , and Again , and Again ldots}},
url = {http://www.sciencemag.org/content/334/6060/1225.short},
volume = {334},
year = {2011}
}
@misc{Hotz2007,
author = {HOTZ, ROBERT LEE},
booktitle = {The Wall street journal},
file = {http://bib.unthinkingdepths.fr/seb/pdf/HOTZ_2007_Most Science Studies Appear to be Tainted by Sloppy Analysis.pdf},
keywords = {newspaper,scandal},
mendeley-tags = {newspaper,scandal},
pages = {B1},
title = {{Most Science Studies Appear to be Tainted by Sloppy Analysis}},
url = {http://online.wsj.com/news/articles/SB118972683557627104},
urldate = {08 octobre 2014},
year = {2007}
}
@misc{Rado2014,
author = {Rado-Trilla, Nuria},
booktitle = {timeshighereducation.co.uk},
file = {http://bib.unthinkingdepths.fr/seb/pdf/Rado-Trilla_2014_Journal allows authors to update their research News Times Higher Education.pdf},
keywords = {active papers,newspaper,open access},
mendeley-tags = {active papers,newspaper,open access},
number = {August},
title = {{Journal allows authors to update their research | News | Times Higher Education}},
url = {http://www.timeshighereducation.co.uk/news/journal-allows-authors-to-update-their-research/2015194.article},
urldate = {08 octobre 2014},
year = {2014}
}
@article{Knuth1984,
author = {Knuth, Donald E.},
doi = {10.1093/comjnl/27.2.97},
file = {http://bib.unthinkingdepths.fr/seb/pdf/Knuth_1984_Literate Programming.pdf},
issn = {0010-4620},
journal = {The Computer Journal},
month = feb,
number = {2},
pages = {97--111},
title = {{Literate Programming}},
url = {http://comjnl.oupjournals.org/cgi/doi/10.1093/comjnl/27.2.97},
volume = {27},
year = {1984}
}
@article{Dwan2008,
author = {Dwan, Kerry and Altman, Douglas G. and Arnaiz, Juan a. and Bloom, Jill and Chan, An-Wen and Cronin, Eugenia and Decullier, Evelyne and Easterbrook, Philippa J. and {Von Elm}, Erik and Gamble, Carrol and Ghersi, Davina and Ioannidis, John P a and Simes, John and Williamson, Paula R.},
doi = {10.1371/journal.pone.0003081},
file = {http://bib.unthinkingdepths.fr/seb/pdf/Dwan et al._2008_Systematic review of the empirical evidence of study publication bias and outcome reporting bias.pdf},
isbn = {1932-6203 (Electronic)$backslash$n1932-6203 (Linking)},
issn = {1932-6203},
journal = {PloS one},
keywords = {biology,medecine,publication bias,replication},
mendeley-tags = {biology,medecine,publication bias,replication},
month = jan,
number = {8},
pages = {e3081},
pmid = {18769481},
publisher = {Plos One},
title = {{Systematic review of the empirical evidence of study publication bias and outcome reporting bias.}},
url = {http://www.pubmedcentral.nih.gov/articlerender.fcgi?artid=2518111&tool=pmcentrez&rendertype=abstract},
volume = {3},
year = {2008}
}
@article{Grimm2010,
author = {Grimm, Volker and Berger, Uta and DeAngelis, Donald L. and Polhill, J. Gary and Giske, Jarl and Railsback, Steven F.},
doi = {10.1016/j.ecolmodel.2010.08.019},
file = {http://bib.unthinkingdepths.fr/seb/pdf/Grimm et al._2010_The ODD protocol A review and first update.pdf},
isbn = {0304-3800},
issn = {03043800},
journal = {Ecological Modelling},
keywords = {ABM,ecology,replication,social sciences,standardization},
mendeley-tags = {ABM,ecology,replication,social sciences,standardization},
number = {23},
pages = {2760--2768},
publisher = {Elsevier B.V.},
title = {{The ODD protocol: A review and first update}},
url = {http://dx.doi.org/10.1016/j.ecolmodel.2010.08.019},
volume = {221},
year = {2010}
}
@misc{Economist2014,
author = {{The Economist}},
booktitle = {The Economist},
file = {http://bib.unthinkingdepths.fr/seb/pdf/The Economist_2014_Sloppy researchers beware. A new institute has you in its sights.pdf},
keywords = {newspaper,scandal},
mendeley-tags = {newspaper,scandal},
title = {{Sloppy researchers beware. A new institute has you in its sights}},
url = {www.economist.com/news/science-and-technology/21598944-sloppy-researchers-beware-new-institute-has-you-its-sights-metaphysicians},
urldate = {08 octobre 2014},
year = {2014}
}
@article{Howison2011,
author = {Howison, James and Herbsleb, James D},
doi = {http://dx.doi.org/10.1145/1958824.1958904},
file = {http://bib.unthinkingdepths.fr/seb/pdf/Howison, Herbsleb_2011_Scientific software production incentives and collaboration.pdf},
isbn = {9781450305563},
journal = {Proceedings of the ACM 2011 conference on Computer supported cooperative work},
keywords = {replication,tools},
mendeley-tags = {replication,tools},
pages = {513--522},
title = {{Scientific software production: incentives and collaboration}},
year = {2011}
}
@article{Wald2010,
author = {Wald, Chelsea},
doi = {10.1126/science.caredit.a1000036},
file = {http://bib.unthinkingdepths.fr/seb/pdf/Wald_2010_Scientists Embrace Openness.pdf},
issn = {10959203},
journal = {Science},
month = apr,
title = {{Scientists Embrace Openness}},
url = {http://sciencecareers.sciencemag.org/career_magazine/previous_issues/articles/2010_04_09/caredit.a1000036},
year = {2010}
}
@misc{Carly2013,
author = {Carly, By},
booktitle = {datapub.cdlib.org},
file = {http://bib.unthinkingdepths.fr/seb/pdf/Carly_2013_The New OSTP Policy & What it Means.pdf},
keywords = {manifeste,ostp},
mendeley-tags = {manifeste,ostp},
title = {{The New OSTP Policy & What it Means}},
year = {2013}
}
@article{Bohannon2013,
author = {Bohannon, John},
doi = {10.1126/science.342.6154.60},
file = {http://bib.unthinkingdepths.fr/seb/pdf/Bohannon_2013_Who's afraid of peer review.pdf},
issn = {1095-9203},
journal = {Science (New York, N.Y.)},
keywords = {open access,scandal},
mendeley-tags = {open access,scandal},
month = oct,
number = {6154},
pages = {60--5},
pmid = {24092725},
title = {{Who's afraid of peer review?}},
url = {http://www.ncbi.nlm.nih.gov/pubmed/24092725},
volume = {342},
year = {2013}
}
@book{Gandrud2013,
author = {Gandrud, Christopher},
editor = {Gandrud, Christopher},
isbn = {1466572841},
keywords = {R,Tools,replication},
mendeley-tags = {R,Tools,replication},
pages = {294},
publisher = {CRC Press},
title = {{Reproducible Research with R and RStudio}},
year = {2013}
}
@article{Freire2012,
author = {Freire, Juliana and Silva, Claudio T.},
file = {http://bib.unthinkingdepths.fr/seb/pdf/Freire, Silva_2012_Making computations and publications reproducible with vistrails.pdf},
journal = {Computing in Science & Engineering},
keywords = {active papers,provenance,replication,tools,vistrails},
mendeley-tags = {active papers,provenance,replication,tools,vistrails},
pages = {8--15},
publisher = {IEEE},
title = {{Making computations and publications reproducible with vistrails}},
url = {http://scitation.aip.org/content/aip/journal/cise/14/4/10.1109/MCSE.2012.76},
year = {2012}
}
@article{Boyle2011,
author = {O'Boyle, Noel M. and Guha, Rajarshi and Willighagen, Egon L. and Adams, Samuel E. and Alvarsson, Jonathan and Bradley, Jean-Claude and Filippov, Igor V. and Hanson, Robert M. and Hanwell, Marcus D. and Hutchison, Geoffrey R. and James, Craig a. and Jeliazkova, Nina and Lang, Andrew S I D and Langner, Karol M. and Lonie, David C. and Lowe, Daniel M. and Pansanel, J'{e}r^{o}me and Pavlov, Dmitry and Spjuth, Ola and Steinbeck, Christoph and Tenderholt, Adam L. and Theisen, Kevin J. and Murray-Rust, Peter},
doi = {10.1186/1758-2946-3-37},
file = {http://bib.unthinkingdepths.fr/seb/pdf/O'Boyle et al._2011_Open Data, Open Source and Open Standards in chemistry The Blue Obelisk five years on.pdf},
isbn = {1758-2946 (Electronic)$backslash$r1758-2946 (Linking)},
issn = {17582946},
journal = {Journal of Cheminformatics},
keywords = {chemistry,open data,open science,replication,tools},
mendeley-tags = {chemistry,open data,open science,replication,tools},
number = {1},
pages = {37},
pmid = {21999342},
publisher = {Chemistry Central Ltd},
title = {{Open Data, Open Source and Open Standards in chemistry: The Blue Obelisk five years on}},
url = {http://www.jcheminf.com/content/3/1/37},
volume = {3},
year = {2011}
}
@incollection{Ormerod2009,
author = {Ormerod, Paul and Rosewell, Bridget},
booktitle = {Epistemological Aspects of Computer Simulation in the Social Sciences},
editor = {Squazzoni, Flaminio},
file = {http://bib.unthinkingdepths.fr/seb/pdf/Ormerod, Rosewell_2009_Validation and Verification of Agent-Based Models in the Social Sciences.pdf},
keywords = {ABM,replication,social sciences,validation},
mendeley-tags = {ABM,replication,social sciences,validation},
pages = {130--140},
title = {{Validation and Verification of Agent-Based Models in the Social Sciences}},
year = {2009}
}
@misc{McDaniel2013,
author = {McDaniel, W. Caleb},
booktitle = {Caleb McDaniel Blog},
file = {http://bib.unthinkingdepths.fr/seb/pdf/McDaniel_2013_Open Notebook History.pdf},
keywords = {active papers,blog,open science},
mendeley-tags = {active papers,blog,open science},
title = {{Open Notebook History}},
url = {http://wcm1.web.rice.edu/open-notebook-history.html},
urldate = {08 octobre 2014},
year = {2013}
}
@article{Janssen2009,
author = {Janssen, Marco A.},
isbn = {1460-7425},
issn = {460-7425},
journal = {Journal of Artificial Societies and Social Simulation},
keywords = {ABM,replication,scandal,social sciences},
mendeley-tags = {ABM,replication,scandal,social sciences},
number = {4},
title = {{Understanding Artificial Anasazi}},
url = {http://jasss.soc.surrey.ac.uk/12/4/13.html},
volume = {12},
year = {2009}
}
@article{DeRoure2009,
author = {{De Roure}, David and Goble, Carole and Stevens, Robert},
doi = {10.1016/j.future.2008.06.010},
file = {http://bib.unthinkingdepths.fr/seb/pdf/De Roure, Goble, Stevens_2009_The design and realisation of the Virtual Research Environment for social sharing of workflows.pdf},
isbn = {0167-739X},
issn = {0167739X},
journal = {Future Generation Computer Systems},
keywords = {code sharing,replication},
mendeley-tags = {code sharing,replication},
number = {5},
pages = {561--567},
publisher = {Elsevier B.V.},
title = {{The design and realisation of the Virtual Research Environment for social sharing of workflows}},
url = {http://dx.doi.org/10.1016/j.future.2008.06.010},
volume = {25},
year = {2009}
}
